3574 5423
1296 421 1591 465 EURIPIDIS
1636 422 1997 465 FRAGMENTA
2740 404 2866 466 173

599 582 746 660 733,
795 582 851 643 3.
899 578 1043 660 Leg.
1091 579 1162 644 τὸ
1209 579 1330 662 γὰρ
1376 580 1588 663 χρεὼν
1635 581 1755 643 οὐκ
1803 582 1968 643 ἔστιν
2010 579 2319 662 οὐδαμῶς
2364 586 2603 663 φυγεῖν.

601 671 745 732 753.
785 668 1106 752 Ἀχελῴου
1154 669 1334 753 ῥόον]
1385 669 1530 753 Leg.
1568 707 1645 715 --
1686 669 1909 753 πόρον.
1992 669 2082 733 Of.
2121 669 2293 733 Pers,
2332 670 2476 732 746.
2525 669 2869 752 Βόσπορον

418 759 575 843 ῥόον
621 758 949 842 (πορθμὸν
960 760 1013 837 Ρ)
1058 759 1236 822 θεοῦ.

600 850 744 912 754.
792 846 1151 931 αἰρόμενος]
1198 848 1502 930 μώμενος
1546 846 1617 910 R.
1665 846 1843 911 Ellis.

603 938 747 1018 757,
800 937 856 999 6.
906 937 996 1001 Of
1030 937 1127 1000 Fr.
1164 938 1308 1000 373.
1356 942 1484 1000 πᾶν
1533 937 1591 1000 δ’
1639 937 1994 1018 ἕξεθέρισεν
2039 937 2202 1001 ὥστε
2247 938 2512 1020 πύρινον
2561 934 2867 1025 (στάχυν)Ι

420 1027 640 1110 σπάθῃ
688 1027 929 1109 (ἅρπῃΡ
980 1026 1054 1089 of.
1103 1023 1288 1108 Soph.
1339 1026 1484 1088 391.
1533 1025 1759 1090 Sosith.
1810 1027 2024 1106 2,19.)
2072 1027 2370 1090 κολούων
2416 1033 2530 1091 etc.

602 1117 745 1177 762.
795 1117 1072 1222 εὔσημα,υ
1086 1116 1193 1178 καὶ
1238 1115 1343 1199 σᾶ]
1392 1115 1483 1179 Cf.
1531 1115 1766 1178 Herod.
1815 1114 1895 1178 ΙΙ.
1941 1115 2083 1179 121.
2120 1118 2220 1179 32.
2269 1117 2388 1179 οὐκ
2436 1117 2598 1199 ἔχειν
2646 1116 2716 1180 δὲ
2763 1116 2869 1180 ὅν-

419 1229 551 1269 τινα
599 1206 935 1268 ἐπαιτιᾶται
990 1209 1119 1267 τῶν
1163 1228 1227 1266 τε
1272 1205 1655 1288 σημάντρων
1701 1204 1938 1268 ἐόντων
1979 1207 2175 1269 σώων
2220 1206 2328 1269 καὶ
2366 1212 2479 1269 τοῦ
2526 1207 2873 1289 οἰκήματος

420 1295 843 1375 κεκλειμένου.
1024 1294 1131 1356 καὶ
1176 1291 1785 1376 κατεσφραγισμένα]
1842 1292 1958 1370 Ωιι.
2011 1293 2124 1358 κεῦ
2174 1294 2324 1377 μάλ’
2383 1295 2871 1378 ἐσφραγισμένα.

603 1384 748 1464 764,
796 1385 853 1444 2.
900 1382 1241 1466 γραπτούς]
1291 1384 1531 1446 Annon
1577 1383 1928 1464 γλυπτούςΡ

604 1474 749 1554 773,
797 1473 899 1533 25.
957 1471 1432 1554 ὀρθρευομένα]
1500 1471 1615 1547 Ωιι.
1673 1470 2086 1555 ἐλελιζομένα.
2172 1472 2258 1537 Of.
2315 1473 2508 1537 Arist.
2557 1472 2675 1536 Av.
2726 1474 2872 1537 212.

407 1560 573 1624 Ἴτυν
621 1560 1014 1642 ἕλελιζομένη
1065 1560 1293 1643 διεροῖς
1346 1560 1593 1642 μέλεσιν
1651 1561 1873 1642 γένυος
1929 1561 2187 1644 ξουθῆς.
2373 1562 2472 1623 50.
2527 1562 2734 1646 βαρὺν
2792 1601 2871 1608 -

424 1649 657 1733 φόβον]
708 1648 795 1712 Of.
848 1649 1070 1713 Aesch.
1098 1648 1195 1712 Fr.
1232 1650 1333 1732 57,
1373 1650 1471 1711 11.
1519 1651 1941 1733 βαρυταρβής.
2126 1651 2226 1712 63.
2277 1650 2483 1736 δείξει]
2533 1649 2650 1727 Ωιι.
2697 1652 2872 1726 λέξει.

607 1739 749 1801 775.
798 1737 1135 1821 ἐλεύθερος
1181 1737 1290 1822 -]
1342 1736 1427 1801 Cf.
1476 1739 1846 1802 Anaxandr.
1898 1741 1998 1821 52,
2031 1741 2089 1802 4.

608 1827 753 1910 776,
805 1827 859 1890 1.
908 1826 999 1890 Cf.
1048 1826 1233 1911 Soph.
1281 1825 1375 1889 El.
1427 1828 1573 1890 342.
1623 1828 1826 1891 δεινόν
1884 1829 1954 1909 γέ
2009 1831 2064 1891 σ’
2131 1866 2215 1875 -
2281 1829 2490 1893 κείνου
2554 1830 2886 1912 λελῆσθαι,.

423 1924 534 2000 τῆς
590 1916 659 1980 δὲ
713 1916 1042 1999 τικτούσης
1093 1916 1317 1998 μέλειν.
1382 1916 1607 2000 Eupol.
1658 1919 1804 1981 266.
1872 1917 1950 1981 οὗ
2008 1917 2179 1980 δεινὰ
2234 1924 2425 1981 ταῦτα
2486 1917 2554 1982 δὲ
2620 1919 2876 2000 (ταύτας

426 2005 711 2086 ἕνθάδῬ)
772 2005 1054 2088 Ἀργείας
1111 2006 1326 2089 φέρειν
1367 2005 1374 2090 Ι
1416 2006 1666 2088 σχιστὰς
1736 2005 1794 2069 δ’
1860 2007 1926 2070 ἐν
1967 2005 2208 2089 Ἅργει,·
2271 2006 2496 2091 Eupol.
2547 2008 2739 2091 99,1.
2798 2010 2875 2072 οὗ

428 2095 631 2159 δεινὸν
680 2093 795 2158 οὖν
840 2094 1062 2178 κριοὺς
1107 2095 1208 2178 ἔμ’
1256 2096 1553 2178 ἐκγεννᾶν
1597 2096 1783 2159 τέκνα
1833 2120 1950 2173 -‚·
1995 2096 2183 2160 Alex.
2234 2098 2382 2176 282,
2421 2098 2474 2159 1.
2522 2097 2761 2161 ἄτοπόν
2807 2122 2876 2179 γε

423 2184 531 2249 τὸν
575 2184 695 2267 μὲν
741 2183 914 2249 οἶνον
961 2185 1318 2267 εὐδοκιμεῖν
1365 2184 1619 2268 σφόδρα
1668 2223 1753 2231 —
1800 2184 1908 2248 τὸν
1953 2184 2240 2265 παλαιὸν,
2288 2186 2490 2268 ἄνδρα
2541 2186 2610 2249 δὲ
2642 2224 2727 2232 —
2767 2187 2876 2251 τὸν

424 2275 748 2356 νεώτερον.
814 2319 818 2323 .
917 2272 1032 2349 Ωιι.
1082 2311 1161 2319 -
1211 2280 1340 2344 τοῖς
1384 2275 1759 2338 πλουτοῦσιν
1807 2276 2090 2357 ἔμφυτον
2135 2275 2340 2339 πέλειν
2387 2280 2504 2340 etc.
2664 2279 2723 2367 4.
2770 2276 2877 2339 καὶ

424 2371 534 2447 τῆς
578 2363 794 2446 τύχης]
841 2364 1006 2427 Fort.
1054 2364 1162 2427 καὶ
1205 2363 1316 2434 τὰς
1359 2364 1568 2447 τύχας.
1646 2362 1832 2440 Quod
1877 2370 2092 2428 tamen
2136 2365 2252 2426 vix
2299 2366 2618 2429 satisfacit.

609 2455 752 2515 777.
799 2459 1126 2536 πανταχοῦ
1175 2452 1266 2537 γε]
1317 2452 1462 2536 Leg.
1509 2459 1837 2536 πανταχοῦ
1887 2452 2055 2518 ’ota‘

610 2543 754 2624 781,
805 2544 860 2603 2.
907 2542 1113 2624 πυρός
1157 2541 1208 2605 τ’
1256 2541 1485 2626 ἐρινὺς]
1536 2541 1651 2618 Ωιι.
1698 2543 1905 2626 πυρός
1939 2568 2003 2607 τε
2034 2543 2257 2625 λιγνύς.
2445 2545 2542 2607 11.
2576 2541 2634 2608 ὦ
2665 2545 2875 2608 καλλι-

426 2629 655 2714 φεγγὲς
704 2631 836 2714 ἥλιε
882 2630 988 2716 --]
1047 2631 1135 2694 Of.
1182 2631 1513 2695 Theodect.
1566 2632 1663 2694 10.
1711 2630 1769 2695 ὦ
1825 2633 2211 2716 καλλιφεγγῆ
2264 2632 2547 2715 λαμπάδ’
2598 2634 2878 2698 εἱλίσσων

428 2719 669 2803 φλογὸς
710 2722 717 2801 Ι
759 2721 907 2804 ἥλιε.
954 2720 1103 2784 Eur.
1135 2722 1272 2784 Tro.
1308 2721 1453 2784 860.
1487 2719 1545 2785 ὦ
1577 2722 1986 2805 καλλιφεγγὲς
2031 2723 2211 2805 ἡλίου
2260 2724 2459 2793 σέλας.
2506 2723 2695 2806 Hipp.
2727 2724 2876 2787 455.

428 2812 467 2893 ἡ
516 2810 935 2894 καλλιφεγγὴς
981 2812 1120 2881 ἕως.
1302 2812 1405 2874 45.
1453 2811 1863 2895 ἑξαμείβεται]
1898 2810 2012 2888 Ωιι.
2047 2812 2455 2895 ἕξανέρχεται.
2527 2812 2614 2876 Of.
2651 2814 2799 2894 819,
2822 2814 2877 2875 3.

518 2901 621 2962 46.
667 2898 907 2982 μέλαιν’
954 2898 1156 2983 ἅησις]
1205 2899 1352 2984 Leg.
1399 2900 1662 2983 μέλαινα
1709 2900 1902 2984 κηλίς.
1981 2901 2070 2966 Of.
2119 2900 2271 2964 Eur.
2319 2902 2472 2965 Hec.
2525 2902 2668 2965 911.
2716 2901 2877 2965 κατὰ

357 3025 362 3030 ·
430 2988 488 3053 δ’
535 2990 806 3053 αἰθάλου
853 2989 1055 3072 κηλῖδ’
1104 2990 1506 3071 οἵκτροτάταν
1556 2990 1894 3073 κέχρωσαι.
2079 2992 2179 3054 54.
2237 2988 2352 3066 Ωιι.
2410 2992 2654 3054 ἅπαντα
2708 2991 2877 3055 ταῦτ’

428 3079 687 3161 ἤθρησα
733 3079 929 3143 καύθ’
977 3080 1182 3149 οὕτως
1228 3081 1404 3162 ἔχειν.
1545 3081 1645 3142 56.
1679 3079 1865 3144 ἔκεῖσ’
1897 3082 2021 3163 ἔχει
2053 3079 2321 3164 φρένας]
2350 3079 2436 3144 Cf.
2470 3081 2704 3145 Phoen.
2733 3081 2877 3144 363.

427 3167 536 3230 τὸν
585 3167 654 3231 δὲ
700 3175 852 3232 νοῦν
899 3167 1083 3231 ἕκεῖσ’
1131 3170 1270 3251 ἔχει.
1412 3171 1511 3234 62.
1559 3176 1676 3232 ποῖ
1707 3170 1879 3234 πόδα
1929 3206 2012 3216 -
2060 3170 2434 3234 καταστάσω
2444 3169 2490 3254 ‚·]
2525 3170 2616 3234 Of.
2649 3170 2878 3234 Bacch.

435 3256 577 3318 184.
624 3263 742 3319 ποῖ
782 3257 881 3320 δεῖ
917 3257 1236 3339 χορεύειν,·
1281 3265 1399 3321 ποῖ
1436 3259 1812 3322 καθιστάναι
1855 3259 2026 3322 πόδα
2077 3297 2159 3305 -
2183 3284 2195 3296 ·

613 3346 757 3427 791,
806 3346 861 3406 3.
909 3346 1244 3429 κτεάτεσσι]
1281 3347 1433 3410 Vox
1464 3346 1660 3430 epiCa.
1711 3348 1801 3412 Cf.
1833 3348 2023 3411 Hom.
2048 3348 2121 3411 Il.
2136 3350 2251 3430 23,
2275 3351 2420 3413 829.
2471 3348 2584 3411 Od.
2612 3350 2710 3432 14,
2735 3350 2877 3411 115.

431 3432 615 3496 Pind.
665 3434 759 3497 Ol.
806 3433 883 3495 V.
935 3435 1035 3496 56
1085 3440 1198 3497 etc.

612 3523 756 3604 795,
807 3524 863 3584 5.
912 3524 1101 3586 οὐδέν
1162 3547 1217 3585 τι
1278 3524 1553 3608 μᾶλλον]
1621 3523 1708 3587 Cf.
1764 3525 1999 3590 Herod.
2047 3525 2158 3589 IV.
2211 3528 2353 3590 118.
2405 3529 2461 3589 5.
2641 3528 2881 3591 πείθειν

430 3611 656 3695 λέγων]
716 3612 807 3675 Cf.
864 3612 1090 3676 Aesch.
1140 3611 1353 3696 Suppl.
1404 3613 1550 3676 615.
1603 3614 1838 3677 τοιάνδ’
1904 3617 2164 3679 ἔπειθε
2232 3616 2415 3699 ῥῆσιν
2470 3616 2635 3699 ἀμφ’
2690 3618 2880 3699 ἡμῶν

429 3701 685 3782 λέγων.

613 3792 757 3854 797.
808 3789 1206 3874 διαφθείρας]
1257 3788 1372 3866 Ωιι.
1423 3791 1804 3875 διαφθεῖραι.

614 3881 758 3963 798,
810 3881 864 3942 1.
914 3877 1030 3955 Ωιι.
1078 3881 1430 3962 πράσσουσ’
1478 3882 1573 3944 ἀεὶ
1616 3881 1725 3945 τὸν
1771 3884 2016 3967 εὐτυχῆ.

611 3971 757 4051 804,
810 3971 866 4031 2.
917 3967 1032 4045 Ωιι.
1081 3969 1352 4053 ἠλίθιος,
1401 3976 1512 4034 aut
1556 3973 1789 4054 ἄφρων
1838 3974 1958 4055 γάρ
2006 3974 2141 4055 (aut
2182 3975 2308 4053 τις).

611 4060 757 4143 806,
806 4061 862 4120 2.
909 4059 1086 4122 παισὶ
1129 4060 1502 4142 προσθεῖναι
1547 4059 1772 4145 κράτη]
1808 4060 1894 4124 Of.
1927 4068 2080 4145 trag.
2112 4064 2332 4128 incert.
2364 4063 2530 4127 Plut.
2563 4062 2720 4126 Mor
2749 4065 2786 4125 5
2808 4063 2880 4126 Ε.

433 4147 470 4210 ὅ
516 4148 747 4232 χρόνος
795 4186 879 4195 -
933 4156 1028 4231 τῷ
1083 4150 1249 4231 γήρᾳ
1312 4150 1689 4233 προστίθησι
1742 4151 1856 4234 τὴν
1920 4153 2280 4235 ἐπιστήμην.
2467 4154 2521 4215 3.
2577 4153 2879 4237 τυγχάνῃ]

432 4234 578 4321 Leg.
626 4238 911 4321 κιγχάνῃ.
985 4212 1081 4302 ⁶01.
1114 4238 1304 4322 Hipp.
1343 4240 1530 4302 1444.
1577 4238 1715 4303 κατ’
1763 4241 1978 4305 ὄσσων
2024 4242 2301 4324 κιγχάνει
2345 4241 2417 4324 μ’
2464 4241 2589 4324 ἤδη
2638 4242 2880 4312 σκότος.

522 4329 581 4388 4.
629 4328 687 4389 εἰ
725 4327 848 4410 χρὴ
901 4327 1166 4391 διελθεῖν
1210 4328 1301 4410 μὴ
1337 4367 1422 4375 -
1452 4328 1696 4393 Weckl.
1745 4332 1784 4412 ἢ
1827 4331 1950 4413 χρὴ
2002 4330 2269 4394 διελθεῖν
2316 4369 2399 4376 -
2446 4331 2719 4414 Μιιεςιι·
2764 4330 2880 4408 Ωιι.

433 4416 491 4478 εἴ
538 4416 628 4498 μὴ
689 4416 957 4481 διελθεῖν
1012 4418 1135 4500 χρὴ
1193 4418 1431 4482 τέκνων
1486 4419 1860 4500 νικώμενον,
1925 4420 2029 4483 vel
2086 4444 2136 4483 ει
2200 4420 2322 4503 χρὴ
2392 4420 2657 4484 διελθεῖν
2720 4421 2884 4505 πρὸς

432 4506 672 4570 τέκνων
715 4507 1090 4589 τιμώμενον.
1273 4507 1562 4593 διελθεῖν]
1613 4507 1728 4586 Ωιι.
1778 4508 2000 4593 διαζῆν
2046 4514 2156 4573 aut
2203 4510 2534 4592 διαγαγεῖν.
