3574 5423
1389 424 1769 470 mmcffimms
2716 403 2796 471 77

530 587 630 647 93.
676 582 853 668 πρία]
897 582 1130 648 Dorice
1161 603 1274 667 pro
1305 584 1493 667 πρίω.
1571 581 1688 659 Ωιι.
1720 582 1971 665 πρίασο.
2156 581 2310 646 δέκα
2356 579 2603 664 νόμων]
2649 579 2798 664 Leg.

354 674 485 738 δέκ’
527 673 797 756 ὀβολῶν,
843 674 961 737 for
1007 677 1136 738 ten
1182 673 1414 736 obols.

531 764 736 846 94,1.
796 760 911 838 Ωιι.
968 762 1102 826 ἀλλ’
1160 762 1260 826 ἀεί
1305 785 1399 826 τοι
1464 762 1587 844 (vel
1645 761 1748 844 δὴ)
1816 761 1912 825 τοὶ
1973 760 2115 824 θεοὶ
2176 765 2390 843 παρῆν
2455 757 2801 842 χύπέλιπον

351 854 621 917 οὔποκα.
805 853 881 915 V.
929 853 988 914 4.
1038 849 1156 927 Ωιι.
1212 856 1355 922 πῶς
1412 851 1490 925 δ’,
1555 851 1891 934 ἀμήχανον
1947 849 2095 933 γὰρ,
2152 888 2264 910 -.
2445 848 2523 911 V.
2574 849 2630 912 9.
2679 848 2799 911 οὐκ

350 941 488 1024 ἐμὶν
531 941 715 1027 τάχα]
765 940 881 1017 Ωιι.
929 942 1050 1004 οὑκ
1098 942 1235 1023 ἐμίν
1292 940 1370 1023 γά
1425 964 1534 1004 πα.
1716 941 1793 1003 V.
1847 940 1946 1002 13.
2001 937 2132 1021 μὰν
2186 937 2420 1022 φθίνει]
2477 936 2593 1014 Ωιι.
2648 961 2797 1000 κατ-

349 1031 577 1114 φθίνει.
758 1030 836 1094 V.
889 1030 990 1094 16.
1038 1028 1204 1114 Lege
1252 1031 1475 1113 ἅτερον
1523 1031 1614 1113 εἴη
1662 1029 1724 1092 κ’
1772 1028 1927 1092 αὑτὸ
1986 1029 2194 1111 δήπου
2248 1033 2361 1091 τοῦ
2417 1029 2798 1111 παρεξεστα-

347 1120 550 1191 κότος.
729 1126 842 1184 τοῢ
888 1119 1003 1205 τοι]
1052 1118 1168 1195 Ωιι.
1213 1144 1307 1183 τοι
1351 1125 1480 1183 τοῦ.
1660 1118 1870 1203 κάγώ]
1919 1117 2086 1201 Lege
2132 1117 2371 1200 κῆγών.

529 1212 632 1293 95,
679 1211 738 1273 4.
785 1213 824 1292 ἢ
874 1211 951 1273 οὗ
1000 1208 1179 1293 γάρ,·]
1228 1207 1344 1285 Ωιι.
1393 1209 1469 1272 οὗ
1510 1208 1663 1292 γάρ,’
1711 1214 1825 1272 aut
1853 1211 1892 1290 ἢ
1927 1208 2102 1290 οὖχί;
2282 1206 2359 1271 V.
2394 1207 2451 1269 8.
2486 1204 2603 1281 Ωιι.
2636 1203 2800 1290 ᾇπέρ

350 1323 429 1382 γα
473 1298 587 1364 τὰν
633 1299 896 1382 αὔλησιν
944 1336 1053 1361 -.
2402 1327 2406 1332 ·

531 1389 633 1471 96,
680 1389 738 1451 6.
802 1387 936 1451 τόδ’
1002 1386 1203 1473 οἶδεν]
1275 1386 1391 1462 Ωιι.
1450 1410 1529 1471 γα
1586 1385 1755 1451 οἶδεν
1819 1385 1923 1451 vel
1986 1385 2293 1461 κάτοιδεν.
2476 1384 2594 1460 Ωιι.
2642 1384 2800 1479 αὑτά

350 1479 544 1548 αὑτᾶς
589 1479 735 1541 ὑπο.

531 1569 635 1649 97,
686 1568 740 1630 1.
795 1565 1170 1648 θαυμαστὸν
1227 1565 1415 1629 οὐδέν
1470 1566 1599 1629 ἔστί
1636 1589 1719 1647 με
1763 1563 1973 1649 ταῦθ’]
2028 1563 2405 1646 θαυμαστὸν
2460 1561 2556 1628 ῶν
2612 1563 2802 1629 οὐδέν

349 1679 433 1738 με
477 1654 665 1719 Dind.
715 1656 795 1718 ad
841 1656 1033 1719 Arist.
1081 1655 1180 1719 Fr.
1222 1656 1370 1717 477.
1418 1653 1589 1717 ιιἐστι’
1632 1656 1935 1717 omittunt
1979 1654 2225 1735 antiqui
2271 1654 2525 1718 codices
2569 1655 2799 1718 nostri:

240 1819 248 1826 ,
352 1765 502 1828 ergo
559 1742 655 1808 ὧν
708 1745 1074 1809 addendum
1135 1743 1312 1807 fuit.”
1494 1742 1569 1805 V.
1620 1746 1676 1806 2.
1746 1742 1856 1806 καὶ
1920 1742 2233 1826 ἁνδάνειν]
2289 1744 2339 1806 I.
2381 1761 2431 1806 e.
2487 1743 2596 1806 καὶ
2650 1742 2800 1808 Γαν-

353 1834 577 1898 δάνειν.
788 1835 865 1895 V.
934 1835 989 1896 5.
1054 1832 1377 1898 “Versum
1448 1834 1742 1915 quintum
1817 1852 1899 1896 ex
1965 1832 2144 1895 libris
2209 1832 2478 1915 explevi.
2564 1831 2805 1895 Aberat

350 1923 498 2006 θὴν.
564 1923 732 1987 Male
764 1921 1047 2006 Scaliger
1090 1922 1416 1987 κάλλιστόν
1462 1923 1640 1995 ἔστιν,
1685 1919 1761 1992 ὗς
1810 1922 1868 1985 δ’
1914 1921 2015 1984 ὑΐ.’
2025 1919 2352 2002 ’.(Dind)
2430 1919 2546 1996 Ωιι.
2593 1921 2804 1991 αὕτως

353 2011 412 2075 δ’
458 2010 534 2083 ὑς
577 2012 657 2074 ὑΐ.
736 2011 856 2075 Vel
900 2010 975 2082 ὑς
1023 2012 1095 2074 δέ
1140 2010 1196 2093 γ’
1243 2009 1327 2074 αὗ
1372 2010 1450 2075 ὑΐ.

534 2103 714 2182 99,1.
747 2102 820 2165 ἐκ
842 2100 911 2164 δὲ
930 2102 1159 2171 θυσίας
1189 2102 1407 2183 γέγονε
1435 2101 1624 2184 θοίνη
1659 2099 1756 2184 (νὴ
1791 2100 1930 2179 Δία)
1963 2105 2164 2164 tentat
2192 2099 2383 2164 Mein.
2519 2100 2597 2163 V.
2620 2101 2678 2163 2.
2709 2120 2802 2183 sq.

348 2192 447 2254 Ita
490 2190 848 2254 Meinekius
893 2191 962 2254 P.
1008 2190 1081 2254 Ε.
1129 2189 1178 2254 Ι.
1227 2192 1285 2253 4.
1333 2191 1404 2253 ἐκ
1463 2190 1532 2253 δὲ
1585 2190 1812 2260 θοίνας
1864 2189 2049 2260 πόσις
2094 2190 2350 2271 ἐγένετο.
2443 2189 2520 2252 Β.
2567 2189 2802 2273 χάριεν,

353 2281 446 2350 ὥς
501 2279 559 2361 γ’
608 2279 746 2362 ἐμὶν
795 2281 984 2343 δοκεῖ.
1037 2275 1044 2366 Ι
1094 2278 1173 2343 A.
1231 2280 1303 2342 ἐκ
1361 2279 1431 2343 δὲ
1475 2279 1699 2349 πόσιος
1743 2285 1998 2361 κῶμος,
2056 2279 2127 2342 ἐκ
2172 2302 2406 2361 κωμου
2456 2278 2515 2342 δ’
2562 2278 2802 2360 ἐγένεθ’

349 2370 562 2442 ὑανία,
613 2366 620 2455 Ι
673 2370 744 2432 ἐκ
802 2368 859 2432 δ’
914 2370 1135 2439 ὑανίας
1183 2369 1354 2442 δίκα,
1415 2368 1472 2432 ’κ
1527 2368 1706 2439 δίκας
1763 2367 1822 2431 δ’
1876 2369 2118 2450 ἐγένετο
2164 2368 2502 2442 καταδίκα,
2554 2363 2561 2455 Ι
2612 2369 2684 2431 ἑκ
2733 2367 2803 2432 δὲ

350 2459 695 2529 καταδίκας
740 2459 927 2522 πέδαι
980 2482 1045 2522 τε
1089 2458 1197 2521 καὶ
1243 2457 1486 2541 σφαλὸς
1530 2457 1639 2521 καὶ
1685 2458 1895 2541 ζαμία.
2077 2458 2154 2521 V.
2204 2459 2264 2520 3.
2323 2456 2561 2539 ἐγένεθ’
2616 2458 2801 2521 ὑανία

350 2547 543 2611 Dobr.
590 2547 765 2631 prob.
812 2548 1004 2612 Mein.
1083 2547 1172 2610 Cf.
1204 2547 1485 2629 Hesyoh.
1516 2548 1587 2610 in
1616 2546 1863 2611 Συανία
1897 2552 1961 2611 et
1982 2546 2217 2611 ‘Yavia.
2400 2547 2476 2609 V.
2513 2547 2569 2608 5.
2616 2546 2804 2611 πέδαι

350 2661 415 2700 τε
458 2637 566 2700 καὶ
613 2636 951 2721 σφάκελος]
1002 2635 1118 2713 Ωιι.
1165 2636 1341 2721 πηδῇ
1390 2637 1460 2700 δὲ
1505 2637 1613 2699 καὶ
1659 2636 1993 2720 σφάκελος.
2072 2634 2159 2698 Of.
2200 2635 2349 2698 Eur.
2382 2636 2575 2721 Hipp.
2615 2638 2801 2699 1353.

351 2726 511 2790 κατὰ
561 2725 619 2791 δ’
666 2728 1019 2810 ἐγκέφαλον
1064 2727 1269 2809 πηδᾶ,
1316 2727 1650 2809 σφάκελος.
1831 2725 2170 2810 σφάκελος]
2220 2726 2464 2808 σφαλὸς
2511 2726 2801 2790 Bochart.

352 2836 447 2899 ap.
514 2816 863 2901 Schweigh.
913 2818 1058 2899 jure
1113 2816 1338 2900 probat
1390 2816 1581 2880 Mein.
1638 2815 1708 2880 P.
1755 2816 1829 2879 Ε.
1875 2815 1924 2877 Ι.
1973 2818 2069 2878 4..
2119 2815 2208 2879 Of.
2265 2815 2424 2879 Poll.
2471 2814 2648 2879 VIII.
2701 2817 2801 2878 72.

354 2905 597 2988 σφαλὸς
640 2906 712 2970 τὸ
761 2904 1154 2989 δεσμωτικὸν
1201 2906 1392 2980 ξύλον
1438 2905 1732 2970 ἐκαλεῖτο.

534 2996 783 3078 100,1.
848 2995 1010 3080 τάδ’]
1076 2996 1296 3059 Malim
1356 2994 1505 3058 τόδ’.
1598 2994 1768 3059 Dein
1827 2996 2181 3079 distingue,
2234 2993 2313 3057 Β.
2373 2993 2616 3077 δηλαδὴ
2675 2995 2800 3078 τρί-

350 3108 530 3154 πους.
621 3086 680 3148 τί
718 3085 1352 3169 μάν,·(Α1131.νι711γ
1398 3086 1570 3166 not?
1636 3091 1708 3149 to
1759 3085 1845 3148 be
1892 3086 2098 3165 sure)
2160 3067 2239 3148 A.
2287 3085 2360 3154 ὃς
2414 3083 2622 3154 πόδας
2676 3085 2802 3196 ἔχει

350 3175 633 3257 τέτορας,
681 3175 801 3237 οὔκ
850 3176 972 3238 ἐστι
1016 3176 1304 3257 τρίπους,
1353 3180 1467 3240 etc.

534 3264 657 3326 102
733 3264 1062 3347 φασήλους
1101 3263 1332 3372 φῶγε]
1381 3264 1469 3328 Of.
1518 3264 1709 3327 Arist.
1756 3261 1903 3328 Pac.
1957 3264 2143 3326 1144.
2193 3262 2324 3327 ἄλλ
2376 3263 2576 3345 ἄφευε
2622 3262 2801 3344 (ἀλλὰ

351 3357 533 3435 φῶγε
579 3358 689 3416 aut
731 3355 1001 3436 φρῦγεΡ)
1047 3359 1177 3417 τῶν
1222 3353 1549 3437 φασήλων.
1594 3354 1853 3417 Theocr.
1886 3352 2029 3415 VII.
2065 3353 2166 3416 66.
2199 3352 2453 3434 κύαμον
2487 3353 2559 3416 δέ
2600 3376 2689 3422 τις
2735 3353 2803 3415 ἕν

350 3442 502 3524 πυρὶ
548 3467 599 3525 φ
641 3445 789 3516 υξεῒ.

534 3466 677 3595 1οΕ3.
725 3532 880 3616 ῶεα]
928 3531 1316 3615 Hesychius,
1346 3529 1574 3614 Ὤβεα·
1620 3530 1694 3594 τὰ
1741 3532 1861 3594 ὠά.
1898 3531 2180 3614 Ἀργεῖοι.

535 3622 678 3684 104.
723 3620 1030 3705 μολόχας]
1082 3620 1168 3685 Cf.
1215 3621 1470 3703 τετόρας
1513 3641 1628 3703 pro
1674 3622 1967 3703 τέτταρας
2011 3621 2110 3685 Fr.
2164 3621 2307 3683 100.

534 3711 676 3773 105.
723 3711 1076 3793 ὑγιέστερος
1121 3711 1250 3793 θήν
1296 3711 1419 3773 ἔστι
1449 3710 1837 3792 κολοκύντης
1873 3710 2036 3773 πολὺ
2085 3709 2274 3774 Mein.
2307 3710 2466 3774 Phil.
2500 3707 2618 3773 Ex.
2651 3729 2709 3792 p.
2743 3711 2801 3771 8.

352 3798 493 3862 coll.
549 3799 736 3883 Diph.
784 3799 895 3863 IV.
944 3801 1090 3862 420.
1158 3801 1225 3863 ἐν
1279 3801 1607 3882 ἦμέραισιν
1661 3799 1854 3863 αὑτὸν
1911 3799 2063 3862 ἑπτά
2111 3823 2236 3872 σοι,
2302 3800 2516 3881 γέρον,
2569 3795 2576 3884 Ι
2625 3798 2801 3862 θέλω

351 3895 698 3972 παρασχεῖν
743 3892 784 3972 ἢ
831 3889 1223 3972 κολοκύντην
1268 3892 1308 3972 ἢ
1355 3890 1574 3972 κρίνον
1620 3889 1682 3969 (1.
1716 3908 1768 3953 e.
1800 3889 2191 3971 τεθνηκότα).
2240 3887 2546 3971 Sophron.
2577 3888 2676 3951 Fr.
2700 3888 2801 3949 61.

350 3978 695 4061 ὑγιώτερον
752 3980 820 4060 (Ι.
867 3980 1252 4062 ὑγιέστερον)
1307 3979 1709 4048 κολοκύντας.
1766 3978 1947 4042 Phot.
1994 3979 2052 4062 p.
2103 3979 2257 4059 614,
2301 3978 2402 4039 24.
2450 3977 2802 4059 ὑγιέστερος

351 4067 755 4151 κολοκύντης.
805 4072 867 4132 et
912 4067 1085 4131 Suid.

534 4157 678 4219 106.
725 4158 924 4240 μύκαι
969 4157 1113 4242 περ]
1165 4156 1282 4232 Ωιι.
1327 4157 1621 4240 μύκατες.
1806 4156 1922 4232 Ωιι.
1969 4157 2231 4230 πνιξεῖτέ
2274 4180 2373 4239 με.

535 4246 678 4308 110.
727 4249 813 4316 εἷς
856 4246 1098 4331 τόπιον]
1149 4247 1543 4329 &Meg-conj.
1591 4244 1783 4309 Dind.
1863 4247 1979 4323 Ωιι.
2035 4247 2349 4329 χρήσιμοι.
2528 4244 2799 4328 μάραθα

350 4335 608 4418 τραχέες
650 4359 714 4398 τε
758 4335 1003 4419 κάκτοι]
1053 4336 1140 4399 Cf.
1182 4335 1281 4399 Fr.
1319 4337 1462 4398 113.
1510 4336 1547 4398 ό
1596 4335 1666 4398 δέ
1709 4360 1798 4405 τις
1843 4335 2122 4419 ἀγρόθεν
2168 4337 2335 4398 ἔοικε
2379 4333 2649 4416 μάραθα
2694 4334 2802 4397 καὶ

350 4425 627 4507 κήκτους
673 4425 1033 4506 (κάκτουςῬ)
1080 4425 1311 4508 φέρειν.

536 4514 678 4596 113,
729 4514 784 4576 1.
829 4514 1099 4596 μάραθα
1147 4514 1255 4577 καὶ
1300 4512 1598 4597 κήκτους]
1645 4514 1793 4597 Leg.
1844 4552 1926 4560 —-
1974 4514 2265 4584 κάκτους.
