<?xml version="1.0" encoding="UTF-8"?>
<!DOCTYPE html PUBLIC "-//W3C//DTD XHTML 1.0 Transitional//EN"
    "http://www.w3.org/TR/xhtml1/DTD/xhtml1-transitional.dtd">
<html xmlns="http://www.w3.org/1999/xhtml" xml:lang="en" lang="en">
 <head>
  <title>
</title>
<meta http-equiv="Content-Type" content="text/html;charset=utf-8" />
  <meta name='ocr-system' content='tesseract 3.04.00' />
  <meta name='ocr-capabilities' content='ocr_page ocr_carea ocr_par ocr_line ocrx_word'/>
</head>
<body>
  <div class='ocr_page' id='page_1' title='image "./adversariainvar00blaygoog_0195.png"; bbox 0 0 3574 5423; ppageno 0'>
   <div class='ocr_carea' id='block_1_1' title="bbox 1188 413 2780 477">
    <p class='ocr_par' dir='ltr' id='par_1_1' title="bbox 1188 413 2780 477">
     <span class='ocr_line' id='line_1_1' title="bbox 1188 413 2780 477; baseline -0.001 -1"><span class='ocrx_word' id='word_1_1' title='bbox 1188 432 1547 477; x_wconf 72' lang='lat' dir='ltr'>FRAGMENTA</span> <span class='ocrx_word' id='word_1_2' title='bbox 1594 432 1934 476; x_wconf 68' lang='lat' dir='ltr'><strong><em>comcossma</em></strong></span> <span class='ocrx_word' id='word_1_3' title='bbox 2104 465 2112 470; x_wconf 64' lang='grc'><strong><em>.</em></strong></span> <span class='ocrx_word' id='word_1_4' title='bbox 2656 413 2780 476; x_wconf 87' lang='grc'><strong><em>183</em></strong></span> 
     </span>
    </p>
   </div>
   <div class='ocr_carea' id='block_1_2' title="bbox 331 590 2792 1120">
    <p class='ocr_par' dir='ltr' id='par_1_2' title="bbox 515 590 2460 673">
     <span class='ocr_line' id='line_1_2' title="bbox 515 590 2460 673; baseline -0.001 -20"><span class='ocrx_word' id='word_1_5' title='bbox 515 593 661 673; x_wconf 93' lang='grc'><strong>529,</strong></span> <span class='ocrx_word' id='word_1_6' title='bbox 710 593 767 654; x_wconf 94' lang='grc'><strong><em>2.</em></strong></span> <span class='ocrx_word' id='word_1_7' title='bbox 814 591 1119 671; x_wconf 82' lang='lat' dir='ltr'>Aeschyli</span> <span class='ocrx_word' id='word_1_8' title='bbox 1167 595 1286 669; x_wconf 78' lang='lat' dir='ltr'><strong><em>ost,</em></strong></span> <span class='ocrx_word' id='word_1_9' title='bbox 1332 592 1403 653; x_wconf 83' lang='lat' dir='ltr'><strong><em>m&#39;</em></strong></span> <span class='ocrx_word' id='word_1_10' title='bbox 1447 590 1644 654; x_wconf 82' lang='lat' dir='ltr'>fallor.</span> <span class='ocrx_word' id='word_1_11' title='bbox 1722 590 1812 655; x_wconf 81' lang='lat' dir='ltr'><strong><em>Of.</em></strong></span> <span class='ocrx_word' id='word_1_12' title='bbox 1858 590 1978 673; x_wconf 84' lang='lat' dir='ltr'><strong><em>Ag.</em></strong></span> <span class='ocrx_word' id='word_1_13' title='bbox 2031 590 2218 652; x_wconf 83' lang='lat'>1662.</span> <span class='ocrx_word' id='word_1_14' title='bbox 2273 590 2460 652; x_wconf 92' lang='grc'><strong>1672.</strong></span> 
     </span>
    </p>

    <p class='ocr_par' dir='ltr' id='par_1_3' title="bbox 331 677 2792 1120">
     <span class='ocr_line' id='line_1_3' title="bbox 407 677 2792 809; baseline 0 -67"><span class='ocrx_word' id='word_1_15' title='bbox 407 770 422 791; x_wconf 49' lang='grc' dir='ltr'><em>Ι</em></span> <span class='ocrx_word' id='word_1_16' title='bbox 515 681 661 763; x_wconf 92' lang='grc'><strong>541,</strong></span> <span class='ocrx_word' id='word_1_17' title='bbox 712 682 767 744; x_wconf 89' lang='lat'><strong><em>3.</em></strong></span> <span class='ocrx_word' id='word_1_18' title='bbox 825 680 1113 763; x_wconf 84' lang='grc' dir='ltr'><em>ἀντηύγει</em></span> <span class='ocrx_word' id='word_1_19' title='bbox 1182 679 1419 809; x_wconf 55' lang='grc' dir='ltr'><strong><em>σέλας]</em></strong></span> <span class='ocrx_word' id='word_1_20' title='bbox 1464 678 1551 742; x_wconf 86' lang='lat' dir='ltr'><strong><em>Cf.</em></strong></span> <span class='ocrx_word' id='word_1_21' title='bbox 1608 678 1758 743; x_wconf 83' lang='lat' dir='ltr'>Eur.</span> <span class='ocrx_word' id='word_1_22' title='bbox 1787 677 1913 742; x_wconf 84' lang='lat' dir='ltr'><strong><em>Or.</em></strong></span> <span class='ocrx_word' id='word_1_23' title='bbox 1967 680 2153 742; x_wconf 86' lang='lat'>1519.</span> <span class='ocrx_word' id='word_1_24' title='bbox 2223 679 2427 743; x_wconf 87' lang='grc' dir='ltr'><strong><em>δεινὸν</em></strong></span> <span class='ocrx_word' id='word_1_25' title='bbox 2496 679 2792 761; x_wconf 83' lang='grc' dir='ltr'><em>ἀνταυγεῖ</em></span> 
     </span>
     <span class='ocr_line' id='line_1_4' title="bbox 334 794 2784 942; baseline -0.001 -20"><span class='ocrx_word' id='word_1_26' title='bbox 334 794 661 941; x_wconf 47' lang='lat' dir='ltr'><strong><em>‹popo-²347,</em></strong></span> <span class='ocrx_word' id='word_1_27' title='bbox 708 861 765 921; x_wconf 87' lang='lat'><strong><em>4.</em></strong></span> <span class='ocrx_word' id='word_1_28' title='bbox 815 860 850 921; x_wconf 83' lang='grc' dir='ltr'><strong><em>ὃ</em></strong></span> <span class='ocrx_word' id='word_1_29' title='bbox 896 800 1321 942; x_wconf 81' lang='grc' dir='ltr'><strong><em>περιέτρεψεν]</em></strong></span> <span class='ocrx_word' id='word_1_30' title='bbox 1372 856 1488 933; x_wconf 79' lang='lat' dir='ltr'><strong><em>QU.</em></strong></span> <span class='ocrx_word' id='word_1_31' title='bbox 1536 857 1693 940; x_wconf 87' lang='grc' dir='ltr'><strong><em>ὅπερ</em></strong></span> <span class='ocrx_word' id='word_1_32' title='bbox 1753 859 1810 939; x_wconf 84' lang='grc' dir='ltr'><strong><em>γ’</em></strong></span> <span class='ocrx_word' id='word_1_33' title='bbox 1858 859 2132 940; x_wconf 79' lang='grc' dir='ltr'><strong><em>ἔτρεψεν.</em></strong></span> <span class='ocrx_word' id='word_1_34' title='bbox 2314 860 2353 940; x_wconf 88' lang='grc' dir='ltr'><strong><em>ἢ</em></strong></span> <span class='ocrx_word' id='word_1_35' title='bbox 2410 857 2645 941; x_wconf 84' lang='grc' dir='ltr'><strong><em>χρόνος</em></strong></span> <span class='ocrx_word' id='word_1_36' title='bbox 2696 882 2784 928; x_wconf 91' lang='grc' dir='ltr'><strong><em>τις</em></strong></span> 
     </span>
     <span class='ocr_line' id='line_1_5' title="bbox 333 945 2784 1032; baseline 0 -22"><span class='ocrx_word' id='word_1_37' title='bbox 333 951 372 1030; x_wconf 88' lang='grc' dir='ltr'><em>ἢ</em></span> <span class='ocrx_word' id='word_1_38' title='bbox 420 947 691 1032; x_wconf 73' lang='grc' dir='ltr'><strong><em>φθόνος]</em></strong></span> <span class='ocrx_word' id='word_1_39' title='bbox 749 946 894 1031; x_wconf 80' lang='lat' dir='ltr'>Leg.</span> <span class='ocrx_word' id='word_1_40' title='bbox 943 950 982 1030; x_wconf 87' lang='grc' dir='ltr'><em>ἢ</em></span> <span class='ocrx_word' id='word_1_41' title='bbox 1030 947 1284 1030; x_wconf 72' lang='grc' dir='ltr'><strong><em>φθόνος</em></strong></span> <span class='ocrx_word' id='word_1_42' title='bbox 1337 971 1424 1017; x_wconf 91' lang='grc' dir='ltr'><strong><em>τις</em></strong></span> <span class='ocrx_word' id='word_1_43' title='bbox 1469 950 1509 1030; x_wconf 86' lang='grc' dir='ltr'><em>ἢ</em></span> <span class='ocrx_word' id='word_1_44' title='bbox 1557 947 1807 1030; x_wconf 83' lang='grc' dir='ltr'><strong>χρόνος.</strong></span> <span class='ocrx_word' id='word_1_45' title='bbox 1887 946 1972 1009; x_wconf 87' lang='lat' dir='ltr'><strong><em>Cf.</em></strong></span> <span class='ocrx_word' id='word_1_46' title='bbox 2019 945 2169 1011; x_wconf 86' lang='lat' dir='ltr'>Eur.</span> <span class='ocrx_word' id='word_1_47' title='bbox 2220 948 2367 1030; x_wconf 85' lang='lat'>295,</span> <span class='ocrx_word' id='word_1_48' title='bbox 2402 950 2457 1009; x_wconf 94' lang='grc'><strong><em>2.</em></strong></span> <span class='ocrx_word' id='word_1_49' title='bbox 2513 955 2784 1031; x_wconf 77' lang='grc' dir='ltr'><strong><em>πονηρῷ</em></strong></span> 
     </span>
     <span class='ocr_line' id='line_1_6' title="bbox 331 1036 1507 1120; baseline -0.003 -20"><span class='ocrx_word' id='word_1_50' title='bbox 331 1045 425 1119; x_wconf 77' lang='grc' dir='ltr'><strong><em>τῷ</em></strong></span> <span class='ocrx_word' id='word_1_51' title='bbox 471 1039 607 1117; x_wconf 83' lang='lat' dir='ltr'>(scr.</span> <span class='ocrx_word' id='word_1_52' title='bbox 653 1039 767 1120; x_wconf 85' lang='grc' dir='ltr'><strong><em>τῳ)</em></strong></span> <span class='ocrx_word' id='word_1_53' title='bbox 815 1036 1052 1119; x_wconf 72' lang='grc' dir='ltr'><strong><em>φθόνῳ</em></strong></span> <span class='ocrx_word' id='word_1_54' title='bbox 1095 1037 1507 1118; x_wconf 82' lang='grc' dir='ltr'><strong><em>νικωμένους.</em></strong></span> 
     </span>
    </p>
   </div>
   <div class='ocr_carea' id='block_1_3' title="bbox 335 1142 2782 1405">
    <p class='ocr_par' dir='ltr' id='par_1_4' title="bbox 335 1142 2782 1405">
     <span class='ocr_line' id='line_1_7' title="bbox 515 1142 2782 1227; baseline -0.001 -20"><span class='ocrx_word' id='word_1_55' title='bbox 515 1144 660 1225; x_wconf 90' lang='grc'><strong>569,</strong></span> <span class='ocrx_word' id='word_1_56' title='bbox 682 1146 738 1206; x_wconf 91' lang='grc'><strong>2.</strong></span> <span class='ocrx_word' id='word_1_57' title='bbox 768 1143 929 1227; x_wconf 81' lang='grc' dir='ltr'><strong><em>ὑπὲρ</em></strong></span> <span class='ocrx_word' id='word_1_58' title='bbox 948 1145 1198 1226; x_wconf 81' lang='grc' dir='ltr'><strong><em>τάφρου</em></strong></span> <span class='ocrx_word' id='word_1_59' title='bbox 1218 1144 1580 1226; x_wconf 81' lang='grc' dir='ltr'><strong><em>πηδῶντας]</em></strong></span> <span class='ocrx_word' id='word_1_60' title='bbox 1612 1142 1727 1219; x_wconf 81' lang='lat' dir='ltr'><strong><em>Qu.</em></strong></span> <span class='ocrx_word' id='word_1_61' title='bbox 1751 1142 1914 1225; x_wconf 78' lang='grc' dir='ltr'><strong><em>ὑπὲρ</em></strong></span> <span class='ocrx_word' id='word_1_62' title='bbox 1933 1144 2178 1226; x_wconf 82' lang='grc' dir='ltr'><strong><em>τάφρον</em></strong></span> <span class='ocrx_word' id='word_1_63' title='bbox 2205 1142 2336 1207; x_wconf 86' lang='lat' dir='ltr'>(aut</span> <span class='ocrx_word' id='word_1_64' title='bbox 2352 1143 2656 1225; x_wconf 84' lang='grc' dir='ltr'><strong><em>τάφρους)</em></strong></span> <span class='ocrx_word' id='word_1_65' title='bbox 2680 1181 2782 1204; x_wconf 85' lang='grc'><strong><em>-.</em></strong></span> 
     </span>
     <span class='ocr_line' id='line_1_8' title="bbox 510 1231 2781 1316; baseline 0 -19"><span class='ocrx_word' id='word_1_66' title='bbox 510 1233 745 1303; x_wconf 73' lang='grc' dir='ltr'><strong><em>θῶπας</em></strong></span> <span class='ocrx_word' id='word_1_67' title='bbox 801 1271 884 1278; x_wconf 90' lang='grc'>-</span> <span class='ocrx_word' id='word_1_68' title='bbox 940 1232 1202 1316; x_wconf 86' lang='grc' dir='ltr'><strong><em>λόγους]</em></strong></span> <span class='ocrx_word' id='word_1_69' title='bbox 1262 1233 1352 1296; x_wconf 78' lang='lat' dir='ltr'><strong><em>Cf.</em></strong></span> <span class='ocrx_word' id='word_1_70' title='bbox 1410 1232 1561 1296; x_wconf 84' lang='lat' dir='ltr'>Eur.</span> <span class='ocrx_word' id='word_1_71' title='bbox 1611 1233 1758 1315; x_wconf 88' lang='grc'><strong>687,</strong></span> <span class='ocrx_word' id='word_1_72' title='bbox 1792 1235 1851 1294; x_wconf 87' lang='lat'><strong><em>4.</em></strong></span> <span class='ocrx_word' id='word_1_73' title='bbox 1907 1233 2056 1314; x_wconf 89' lang='grc' dir='ltr'><strong><em>πρὶν</em></strong></span> <span class='ocrx_word' id='word_1_74' title='bbox 2110 1233 2180 1305; x_wconf 76' lang='grc' dir='ltr'><strong><em>ἐξ</em></strong></span> <span class='ocrx_word' id='word_1_75' title='bbox 2233 1233 2392 1315; x_wconf 80' lang='grc' dir='ltr'><strong><em>ἐμοῦ</em></strong></span> <span class='ocrx_word' id='word_1_76' title='bbox 2450 1255 2548 1296; x_wconf 92' lang='grc' dir='ltr'><strong><em>σοι</em></strong></span> <span class='ocrx_word' id='word_1_77' title='bbox 2603 1231 2781 1297; x_wconf 73' lang='grc' dir='ltr'><strong><em>θῶπ’</em></strong></span> 
     </span>
     <span class='ocr_line' id='line_1_9' title="bbox 335 1322 938 1405; baseline -0.003 -19"><span class='ocrx_word' id='word_1_78' title='bbox 335 1324 686 1405; x_wconf 88' lang='grc' dir='ltr'><strong><em>ἀπαντῆσαι</em></strong></span> <span class='ocrx_word' id='word_1_79' title='bbox 732 1322 938 1404; x_wconf 84' lang='grc' dir='ltr'><strong><em>λόγον.</em></strong></span> 
     </span>
    </p>
   </div>
   <div class='ocr_carea' id='block_1_4' title="bbox 334 1427 2785 1958">
    <p class='ocr_par' dir='ltr' id='par_1_5' title="bbox 334 1427 2785 1958">
     <span class='ocr_line' id='line_1_10' title="bbox 512 1427 2785 1512; baseline 0.001 -21"><span class='ocrx_word' id='word_1_80' title='bbox 512 1430 851 1512; x_wconf 81' lang='lat' dir='ltr'>Adospotis</span> <span class='ocrx_word' id='word_1_81' title='bbox 908 1429 1068 1491; x_wconf 79' lang='lat' dir='ltr'>adde</span> <span class='ocrx_word' id='word_1_82' title='bbox 1123 1429 1316 1493; x_wconf 82' lang='lat' dir='ltr'>Clom.</span> <span class='ocrx_word' id='word_1_83' title='bbox 1374 1429 1558 1491; x_wconf 80' lang='lat' dir='ltr'>Alex.</span> <span class='ocrx_word' id='word_1_84' title='bbox 1615 1428 1805 1492; x_wconf 78' lang='lat' dir='ltr'>Paed.</span> <span class='ocrx_word' id='word_1_85' title='bbox 1853 1427 1968 1490; x_wconf 93' lang='lat' dir='ltr'>III.</span> <span class='ocrx_word' id='word_1_86' title='bbox 2022 1430 2122 1490; x_wconf 89' lang='grc'><strong><em>12.</em></strong></span> <span class='ocrx_word' id='word_1_87' title='bbox 2186 1429 2294 1492; x_wconf 82' lang='grc' dir='ltr'><strong><em>καὶ</em></strong></span> <span class='ocrx_word' id='word_1_88' title='bbox 2345 1431 2612 1499; x_wconf 81' lang='grc' dir='ltr'><strong><em>οἰκέταις</em></strong></span> <span class='ocrx_word' id='word_1_89' title='bbox 2664 1429 2785 1511; x_wconf 84' lang='grc' dir='ltr'><strong><em>μὲν</em></strong></span> 
     </span>
     <span class='ocr_line' id='line_1_11' title="bbox 336 1517 2784 1601; baseline 0 -20"><span class='ocrx_word' id='word_1_90' title='bbox 336 1520 640 1601; x_wconf 81' lang='grc' dir='ltr'><strong><em>χρηστέον</em></strong></span> <span class='ocrx_word' id='word_1_91' title='bbox 696 1519 789 1587; x_wconf 82' lang='grc' dir='ltr'><strong><em>ὡς</em></strong></span> <span class='ocrx_word' id='word_1_92' title='bbox 843 1519 1112 1587; x_wconf 79' lang='grc' dir='ltr'><strong><em>ἑαυτοῖς·</em></strong></span> <span class='ocrx_word' id='word_1_93' title='bbox 1170 1517 1510 1599; x_wconf 75' lang='grc' dir='ltr'><strong><em>ἄνθρωποι</em></strong></span> <span class='ocrx_word' id='word_1_94' title='bbox 1569 1517 1688 1598; x_wconf 90' lang='grc' dir='ltr'><strong><em>γάρ</em></strong></span> <span class='ocrx_word' id='word_1_95' title='bbox 1746 1519 1895 1580; x_wconf 84' lang='grc' dir='ltr'><strong><em>εἰσιν</em></strong></span> <span class='ocrx_word' id='word_1_96' title='bbox 1951 1518 2044 1586; x_wconf 83' lang='grc' dir='ltr'><strong><em>ὡς</em></strong></span> <span class='ocrx_word' id='word_1_97' title='bbox 2099 1518 2302 1599; x_wconf 87' lang='grc' dir='ltr'><strong><em>ἡμεῖς·</em></strong></span> <span class='ocrx_word' id='word_1_98' title='bbox 2359 1519 2396 1580; x_wconf 84' lang='grc' dir='ltr'>ὁ</span> <span class='ocrx_word' id='word_1_99' title='bbox 2453 1518 2573 1600; x_wconf 87' lang='grc' dir='ltr'><strong><em>γὰρ</em></strong></span> <span class='ocrx_word' id='word_1_100' title='bbox 2630 1517 2784 1588; x_wconf 73' lang='grc' dir='ltr'><strong><em>θεὸς</em></strong></span> 
     </span>
     <span class='ocr_line' id='line_1_12' title="bbox 334 1605 2785 1689; baseline 0 -20"><span class='ocrx_word' id='word_1_101' title='bbox 334 1613 522 1670; x_wconf 88' lang='grc' dir='ltr'><strong><em>πᾶσιν</em></strong></span> <span class='ocrx_word' id='word_1_102' title='bbox 567 1613 695 1676; x_wconf 87' lang='grc' dir='ltr'><strong><em>τοῖς</em></strong></span> <span class='ocrx_word' id='word_1_103' title='bbox 740 1606 1098 1689; x_wconf 70' lang='grc' dir='ltr'><strong><em>ἐλευθέροις</em></strong></span> <span class='ocrx_word' id='word_1_104' title='bbox 1144 1606 1251 1669; x_wconf 83' lang='grc' dir='ltr'><strong><em>καὶ</em></strong></span> <span class='ocrx_word' id='word_1_105' title='bbox 1296 1612 1425 1675; x_wconf 86' lang='grc' dir='ltr'><strong><em>τοῖς</em></strong></span> <span class='ocrx_word' id='word_1_106' title='bbox 1472 1605 1724 1675; x_wconf 87' lang='grc' dir='ltr'><strong><em>δούλοις</em></strong></span> <span class='ocrx_word' id='word_1_107' title='bbox 1770 1605 1947 1679; x_wconf 75' lang='grc' dir='ltr'><strong><em>ἐστὶν,</em></strong></span> <span class='ocrx_word' id='word_1_108' title='bbox 2006 1608 2084 1669; x_wconf 83' lang='grc' dir='ltr'><strong><em>ἂν</em></strong></span> <span class='ocrx_word' id='word_1_109' title='bbox 2141 1613 2414 1688; x_wconf 78' lang='grc' dir='ltr'><strong><em>σκοπῇς,</em></strong></span> <span class='ocrx_word' id='word_1_110' title='bbox 2473 1608 2620 1677; x_wconf 85' lang='grc' dir='ltr'><strong><em>ἴσος.</em></strong></span> <span class='ocrx_word' id='word_1_111' title='bbox 2705 1608 2785 1670; x_wconf 88' lang='lat' dir='ltr'><strong><em>In</em></strong></span> 
     </span>
     <span class='ocr_line' id='line_1_13' title="bbox 335 1694 2783 1779; baseline 0 -21"><span class='ocrx_word' id='word_1_112' title='bbox 335 1697 433 1759; x_wconf 84' lang='lat' dir='ltr'><strong><em>his</em></strong></span> <span class='ocrx_word' id='word_1_113' title='bbox 481 1695 810 1758; x_wconf 81' lang='lat' dir='ltr'>dramatici</span> <span class='ocrx_word' id='word_1_114' title='bbox 855 1701 1072 1779; x_wconf 80' lang='lat' dir='ltr'>poetae</span> <span class='ocrx_word' id='word_1_115' title='bbox 1129 1695 1396 1778; x_wconf 84' lang='lat' dir='ltr'>alicujus</span> <span class='ocrx_word' id='word_1_116' title='bbox 1455 1694 1644 1757; x_wconf 84' lang='lat' dir='ltr'>verba</span> <span class='ocrx_word' id='word_1_117' title='bbox 1699 1694 1894 1758; x_wconf 79' lang='lat' dir='ltr'>latero</span> <span class='ocrx_word' id='word_1_118' title='bbox 1943 1695 2087 1777; x_wconf 81' lang='lat' dir='ltr'>juro</span> <span class='ocrx_word' id='word_1_119' title='bbox 2143 1697 2503 1777; x_wconf 83' lang='lat' dir='ltr'>suspicatur</span> <span class='ocrx_word' id='word_1_120' title='bbox 2546 1696 2603 1759; x_wconf 84' lang='lat' dir='ltr'><strong><em>J.</em></strong></span> <span class='ocrx_word' id='word_1_121' title='bbox 2651 1695 2783 1777; x_wconf 84' lang='lat' dir='ltr'><strong><em>By-</em></strong></span> 
     </span>
     <span class='ocr_line' id='line_1_14' title="bbox 335 1783 2783 1869; baseline -0 -21"><span class='ocrx_word' id='word_1_122' title='bbox 335 1790 555 1867; x_wconf 77' lang='lat' dir='ltr'>Water,</span> <span class='ocrx_word' id='word_1_123' title='bbox 612 1785 648 1847; x_wconf 82' lang='grc' dir='ltr'>ὁ</span> <span class='ocrx_word' id='word_1_124' title='bbox 697 1784 846 1869; x_wconf 31' lang='grc' dir='ltr'><strong><em>γὰρ,</em></strong></span> <span class='ocrx_word' id='word_1_125' title='bbox 882 1784 1063 1854; x_wconf 74' lang='grc' dir='ltr'><strong><em>θεός</em></strong></span> <span class='ocrx_word' id='word_1_126' title='bbox 1109 1786 1283 1865; x_wconf 89' lang='grc' dir='ltr'><strong><em>(τοι)</em></strong></span> <span class='ocrx_word' id='word_1_127' title='bbox 1339 1789 1518 1846; x_wconf 84' lang='grc' dir='ltr'><strong><em>πᾶσι</em></strong></span> <span class='ocrx_word' id='word_1_128' title='bbox 1573 1789 1726 1853; x_wconf 88' lang='grc' dir='ltr'><strong><em>τοῖς</em></strong></span> <span class='ocrx_word' id='word_1_129' title='bbox 1780 1783 1832 1845; x_wconf 86' lang='grc' dir='ltr'><strong><em>τ’</em></strong></span> <span class='ocrx_word' id='word_1_130' title='bbox 1890 1783 2326 1866; x_wconf 74' lang='grc' dir='ltr'><strong><em>ἐλευθέροις</em></strong></span> <span class='ocrx_word' id='word_1_131' title='bbox 2367 1784 2375 1868; x_wconf 79' lang='grc' dir='ltr'>Ι</span> <span class='ocrx_word' id='word_1_132' title='bbox 2416 1785 2540 1847; x_wconf 82' lang='grc' dir='ltr'><strong><em>καὶ</em></strong></span> <span class='ocrx_word' id='word_1_133' title='bbox 2593 1791 2783 1847; x_wconf 90' lang='grc' dir='ltr'><strong><em>τοῖσι</em></strong></span> 
     </span>
     <span class='ocr_line' id='line_1_15' title="bbox 338 1872 2277 1958; baseline -0.003 -20"><span class='ocrx_word' id='word_1_134' title='bbox 338 1874 641 1944; x_wconf 89' lang='grc' dir='ltr'><strong><em>δούλοις</em></strong></span> <span class='ocrx_word' id='word_1_135' title='bbox 689 1874 908 1958; x_wconf 51' lang='grc' dir='ltr'><strong><em>ἐστὶν,</em></strong></span> <span class='ocrx_word' id='word_1_136' title='bbox 956 1875 1043 1937; x_wconf 83' lang='grc' dir='ltr'><strong><em>ἂν</em></strong></span> <span class='ocrx_word' id='word_1_137' title='bbox 1090 1880 1407 1957; x_wconf 82' lang='grc' dir='ltr'><strong><em>σκοπῇς,</em></strong></span> <span class='ocrx_word' id='word_1_138' title='bbox 1457 1874 1632 1942; x_wconf 81' lang='grc' dir='ltr'><strong><em>ἴσος.</em></strong></span> <span class='ocrx_word' id='word_1_139' title='bbox 2266 1872 2277 1881; x_wconf 77' lang='grc'><em>“</em></span> 
     </span>
    </p>
   </div>
   <div class='ocr_carea' id='block_1_5' title="bbox 1295 2125 1827 2132">
    <p class='ocr_par' dir='ltr' id='par_1_6' title="bbox 1295 2125 1827 2132">
     <span class='ocr_line' id='line_1_16' title="bbox 1295 2125 1827 2132; baseline -0.002 0"><span class='ocrx_word' id='word_1_140' title='bbox 1295 2125 1827 2132; x_wconf 76' lang='lat'><strong>—————-</strong></span> 
     </span>
    </p>
   </div>
   <div class='ocr_carea' id='block_1_6' title="bbox 901 2371 2213 2570">
    <p class='ocr_par' dir='ltr' id='par_1_7' title="bbox 901 2371 2213 2570">
     <span class='ocr_line' id='line_1_17' title="bbox 936 2371 2184 2437; baseline -0.003 0"><span class='ocrx_word' id='word_1_141' title='bbox 936 2371 1460 2437; x_wconf 75' lang='lat' dir='ltr'><strong>FRAGMENT</strong></span> <span class='ocrx_word' id='word_1_142' title='bbox 1477 2373 1533 2436; x_wconf 88' lang='lat' dir='ltr'>A</span> <span class='ocrx_word' id='word_1_143' title='bbox 1590 2371 2184 2437; x_wconf 78' lang='lat' dir='ltr'>OOMICORUM.</span> 
     </span>
     <span class='ocr_line' id='line_1_18' title="bbox 901 2512 2213 2570; baseline -0.002 -2"><span class='ocrx_word' id='word_1_144' title='bbox 901 2513 1295 2569; x_wconf 86' lang='lat' dir='ltr'>SECUNDUM</span> <span class='ocrx_word' id='word_1_145' title='bbox 1331 2513 1728 2568; x_wconf 83' lang='lat' dir='ltr'>EDITIONEM</span> <span class='ocrx_word' id='word_1_146' title='bbox 1765 2512 2213 2570; x_wconf 85' lang='lat' dir='ltr'>KOOKIANAM.</span> 
     </span>
    </p>
   </div>
   <div class='ocr_carea' id='block_1_7' title="bbox 1374 2676 1746 2741">
    <p class='ocr_par' dir='ltr' id='par_1_8' title="bbox 1374 2676 1746 2741">
     <span class='ocr_line' id='line_1_19' title="bbox 1374 2676 1746 2741; baseline -0.005 0"><span class='ocrx_word' id='word_1_147' title='bbox 1374 2676 1746 2741; x_wconf 82' lang='lat' dir='ltr'>Cratinus.</span> 
     </span>
    </p>
   </div>
   <div class='ocr_carea' id='block_1_8' title="bbox 5 2817 2791 3564">
    <p class='ocr_par' dir='ltr' id='par_1_9' title="bbox 5 2817 2791 3564">
     <span class='ocr_line' id='line_1_20' title="bbox 513 2817 2791 2905; baseline -0.001 -21"><span class='ocrx_word' id='word_1_148' title='bbox 513 2824 612 2884; x_wconf 85' lang='grc'><strong><em>37.</em></strong></span> <span class='ocrx_word' id='word_1_149' title='bbox 659 2822 966 2905; x_wconf 91' lang='grc' dir='ltr'><strong><em>μάχαιραι</em></strong></span> <span class='ocrx_word' id='word_1_150' title='bbox 1011 2820 1327 2904; x_wconf 80' lang='grc' dir='ltr'><strong><em>κουρίδες]</em></strong></span> <span class='ocrx_word' id='word_1_151' title='bbox 1378 2820 1466 2884; x_wconf 81' lang='lat' dir='ltr'><strong><em>Of.</em></strong></span> <span class='ocrx_word' id='word_1_152' title='bbox 1514 2820 1779 2905; x_wconf 88' lang='lat' dir='ltr'>Ephipp.</span> <span class='ocrx_word' id='word_1_153' title='bbox 1822 2821 1918 2903; x_wconf 82' lang='lat'><strong><em>14,</em></strong></span> <span class='ocrx_word' id='word_1_154' title='bbox 1953 2820 2010 2881; x_wconf 93' lang='grc'><strong><em>6.</em></strong></span> <span class='ocrx_word' id='word_1_155' title='bbox 2059 2817 2128 2883; x_wconf 89' lang='grc' dir='ltr'><strong><em>εὗ</em></strong></span> <span class='ocrx_word' id='word_1_156' title='bbox 2164 2857 2246 2865; x_wconf 86' lang='grc'>-</span> <span class='ocrx_word' id='word_1_157' title='bbox 2278 2821 2563 2902; x_wconf 86' lang='grc' dir='ltr'><strong><em>μαχαίρᾳ</em></strong></span> <span class='ocrx_word' id='word_1_158' title='bbox 2611 2819 2791 2892; x_wconf 85' lang='grc' dir='ltr'><strong><em>ξύστ’“</em></strong></span> 
     </span>
     <span class='ocr_line' id='line_1_21' title="bbox 333 2934 2781 3084; baseline -0.002 -20"><span class='ocrx_word' id='word_1_159' title='bbox 333 2935 499 2994; x_wconf 58' lang='grc' dir='ltr'><strong><em>ἒχων</em></strong></span> <span class='ocrx_word' id='word_1_160' title='bbox 509 2934 1023 3084; x_wconf 47' lang='grc' dir='ltr'><strong><em>4τ1εῗιξῗιζΐ5ἶῖἵτος]</em></strong></span> <span class='ocrx_word' id='word_1_161' title='bbox 1047 2999 1135 3064; x_wconf 85' lang='lat' dir='ltr'><strong><em>Of.</em></strong></span> <span class='ocrx_word' id='word_1_162' title='bbox 1161 3000 1521 3082; x_wconf 81' lang='grc' dir='ltr'><strong><em>νακοτίλτης</em></strong></span> <span class='ocrx_word' id='word_1_163' title='bbox 1544 2999 1812 3063; x_wconf 84' lang='lat' dir='ltr'>Philem.</span> <span class='ocrx_word' id='word_1_164' title='bbox 1840 3000 1938 3062; x_wconf 87' lang='grc'><strong><em>14.</em></strong></span> <span class='ocrx_word' id='word_1_165' title='bbox 1972 2999 2345 3062; x_wconf 84' lang='grc' dir='ltr'><strong><em>νακοτιλτεῖν</em></strong></span> <span class='ocrx_word' id='word_1_166' title='bbox 2363 2998 2664 3082; x_wconf 71' lang='lat' dir='ltr'>Archipp.</span> <span class='ocrx_word' id='word_1_167' title='bbox 2680 2999 2781 3060; x_wconf 88' lang='grc'><strong><em>32.</em></strong></span> 
     </span>
     <span class='ocr_line' id='line_1_22' title="bbox 511 3088 2779 3173; baseline -0 -21"><span class='ocrx_word' id='word_1_168' title='bbox 511 3092 610 3153; x_wconf 88' lang='grc'><strong><em>50.</em></strong></span> <span class='ocrx_word' id='word_1_169' title='bbox 643 3091 873 3172; x_wconf 83' lang='grc' dir='ltr'><strong><em>φιάλας</em></strong></span> <span class='ocrx_word' id='word_1_170' title='bbox 905 3128 986 3136; x_wconf 87' lang='lat'>—</span> <span class='ocrx_word' id='word_1_171' title='bbox 1019 3088 1635 3173; x_wconf 81' lang='grc' dir='ltr'><strong><em>βαλανειομφάλους]</em></strong></span> <span class='ocrx_word' id='word_1_172' title='bbox 1671 3089 1762 3153; x_wconf 80' lang='lat' dir='ltr'><strong><em>Of.</em></strong></span> <span class='ocrx_word' id='word_1_173' title='bbox 1795 3089 2172 3172; x_wconf 80' lang='lat' dir='ltr'>Theopomp.</span> <span class='ocrx_word' id='word_1_174' title='bbox 2205 3088 2284 3152; x_wconf 95' lang='grc' dir='ltr'><strong><em>Π.</em></strong></span> <span class='ocrx_word' id='word_1_175' title='bbox 2319 3089 2462 3151; x_wconf 89' lang='grc'><strong>793.</strong></span> <span class='ocrx_word' id='word_1_176' title='bbox 2494 3088 2779 3171; x_wconf 83' lang='grc' dir='ltr'><strong><em>λαβοῦσα</em></strong></span> 
     </span>
     <span class='ocr_line' id='line_1_23' title="bbox 5 3179 1800 3261; baseline 0 -21"><span class='ocrx_word' id='word_1_177' title='bbox 5 3221 8 3226; x_wconf 88' lang='lat'><em>·</em></span> <span class='ocrx_word' id='word_1_178' title='bbox 332 3180 544 3261; x_wconf 87' lang='grc' dir='ltr'><strong><em>πληρῆ</em></strong></span> <span class='ocrx_word' id='word_1_179' title='bbox 590 3179 865 3261; x_wconf 91' lang='grc' dir='ltr'><strong><em>χρυσέαν</em></strong></span> <span class='ocrx_word' id='word_1_180' title='bbox 909 3179 1414 3261; x_wconf 89' lang='grc' dir='ltr'><strong><em>μεσόμφαλον</em></strong></span> <span class='ocrx_word' id='word_1_181' title='bbox 1455 3179 1463 3261; x_wconf 90' lang='grc' dir='ltr'>Ι</span> <span class='ocrx_word' id='word_1_182' title='bbox 1505 3179 1800 3261; x_wconf 87' lang='grc' dir='ltr'><strong><em>φιάλην.</em></strong></span> 
     </span>
     <span class='ocr_line' id='line_1_24' title="bbox 5 3231 2781 3370; baseline 0 -23"><span class='ocrx_word' id='word_1_183' title='bbox 5 3231 8 3370; x_wconf 46' lang='grc' dir='ltr'><strong>ξ</strong></span> <span class='ocrx_word' id='word_1_184' title='bbox 514 3286 613 3347; x_wconf 88' lang='grc'><strong><em>55.</em></strong></span> <span class='ocrx_word' id='word_1_185' title='bbox 660 3285 960 3355; x_wconf 86' lang='grc' dir='ltr'><strong><em>ποδαπάς</em></strong></span> <span class='ocrx_word' id='word_1_186' title='bbox 1009 3322 1088 3332; x_wconf 89' lang='grc'><strong><em>--</em></strong></span> <span class='ocrx_word' id='word_1_187' title='bbox 1140 3287 1259 3349; x_wconf 80' lang='grc' dir='ltr'><strong><em>οὐκ</em></strong></span> <span class='ocrx_word' id='word_1_188' title='bbox 1316 3288 1395 3349; x_wconf 83' lang='grc' dir='ltr'><strong><em>ἂν</em></strong></span> <span class='ocrx_word' id='word_1_189' title='bbox 1452 3285 1815 3368; x_wconf 81' lang='grc' dir='ltr'><strong><em>ἆμάρτοιν,·]</em></strong></span> <span class='ocrx_word' id='word_1_190' title='bbox 1875 3285 1962 3348; x_wconf 85' lang='lat' dir='ltr'><strong><em>Cf.</em></strong></span> <span class='ocrx_word' id='word_1_191' title='bbox 2010 3284 2190 3349; x_wconf 82' lang='lat' dir='ltr'>Dem.</span> <span class='ocrx_word' id='word_1_192' title='bbox 2237 3305 2296 3367; x_wconf 91' lang='lat' dir='ltr'><strong><em>p.</em></strong></span> <span class='ocrx_word' id='word_1_193' title='bbox 2336 3284 2521 3347; x_wconf 87' lang='grc'><strong>1483.</strong></span> <span class='ocrx_word' id='word_1_194' title='bbox 2582 3283 2639 3348; x_wconf 83' lang='grc' dir='ltr'><em>ὦ</em></span> <span class='ocrx_word' id='word_1_195' title='bbox 2700 3324 2781 3330; x_wconf 83' lang='grc'>-</span> 
     </span>
     <span class='ocr_line' id='line_1_25' title="bbox 5 3374 2260 3456; baseline 0 -20"><span class='ocrx_word' id='word_1_196' title='bbox 5 3377 8 3424; x_wconf 75' lang='lat'><em>3</em></span> <span class='ocrx_word' id='word_1_197' title='bbox 331 3375 389 3437; x_wconf 88' lang='grc' dir='ltr'><strong><em>τί</em></strong></span> <span class='ocrx_word' id='word_1_198' title='bbox 429 3377 508 3437; x_wconf 80' lang='grc' dir='ltr'><strong><em>ἂν</em></strong></span> <span class='ocrx_word' id='word_1_199' title='bbox 555 3374 750 3437; x_wconf 81' lang='grc' dir='ltr'><strong><em>εἰπὼν</em></strong></span> <span class='ocrx_word' id='word_1_200' title='bbox 795 3374 957 3456; x_wconf 71' lang='grc' dir='ltr'><strong><em>μήθ’</em></strong></span> <span class='ocrx_word' id='word_1_201' title='bbox 1008 3375 1305 3455; x_wconf 83' lang='grc' dir='ltr'><strong><em>ἁμαρτεῖν</em></strong></span> <span class='ocrx_word' id='word_1_202' title='bbox 1355 3375 1617 3456; x_wconf 84' lang='grc' dir='ltr'><strong><em>δοκοίην</em></strong></span> <span class='ocrx_word' id='word_1_203' title='bbox 1661 3376 1820 3456; x_wconf 88' lang='grc' dir='ltr'><strong><em>μήτε</em></strong></span> <span class='ocrx_word' id='word_1_204' title='bbox 1866 3375 2260 3456; x_wconf 80' lang='grc' dir='ltr'><strong><em>ψευσαίμην,·</em></strong></span> 
     </span>
     <span class='ocr_line' id='line_1_26' title="bbox 514 3479 2140 3564; baseline -0.002 -21"><span class='ocrx_word' id='word_1_205' title='bbox 514 3480 613 3543; x_wconf 85' lang='grc'><strong><em>71.</em></strong></span> <span class='ocrx_word' id='word_1_206' title='bbox 661 3479 1147 3564; x_wconf 78' lang='grc' dir='ltr'><strong><em>σχινοκέφαλος]</em></strong></span> <span class='ocrx_word' id='word_1_207' title='bbox 1214 3479 1260 3542; x_wconf 91' lang='lat' dir='ltr'><strong><em>I.</em></strong></span> <span class='ocrx_word' id='word_1_208' title='bbox 1295 3500 1345 3544; x_wconf 76' lang='grc' dir='ltr'><strong><em>θ.</em></strong></span> <span class='ocrx_word' id='word_1_209' title='bbox 1399 3480 1572 3542; x_wconf 85' lang='lat' dir='ltr'>with</span> <span class='ocrx_word' id='word_1_210' title='bbox 1619 3500 1656 3541; x_wconf 82' lang='lat' dir='ltr'>a</span> <span class='ocrx_word' id='word_1_211' title='bbox 1700 3479 2140 3563; x_wconf 77' lang='lat' dir='ltr'>peak-head.</span> 
     </span>
    </p>
   </div>
   <div class='ocr_carea' id='block_1_9' title="bbox 279 3584 2786 4598">
    <p class='ocr_par' dir='ltr' id='par_1_10' title="bbox 332 3584 2785 3849">
     <span class='ocr_line' id='line_1_27' title="bbox 512 3584 2785 3670; baseline -0.001 -21"><span class='ocrx_word' id='word_1_212' title='bbox 512 3588 613 3670; x_wconf 85' lang='lat'><strong><em>98,</em></strong></span> <span class='ocrx_word' id='word_1_213' title='bbox 665 3590 720 3649; x_wconf 94' lang='grc'><strong><em>1.</em></strong></span> <span class='ocrx_word' id='word_1_214' title='bbox 784 3587 1070 3669; x_wconf 85' lang='grc' dir='ltr'><strong><em>κεφαλὴν</em></strong></span> <span class='ocrx_word' id='word_1_215' title='bbox 1141 3587 1447 3669; x_wconf 71' lang='grc' dir='ltr'><strong><em>ἀνθέμοις</em></strong></span> <span class='ocrx_word' id='word_1_216' title='bbox 1517 3585 1885 3669; x_wconf 78' lang='grc' dir='ltr'><strong><em>ἐρέπτομαι]</em></strong></span> <span class='ocrx_word' id='word_1_217' title='bbox 1954 3584 2042 3648; x_wconf 82' lang='lat' dir='ltr'><strong><em>Of.</em></strong></span> <span class='ocrx_word' id='word_1_218' title='bbox 2099 3585 2283 3649; x_wconf 79' lang='lat' dir='ltr'>Pind.</span> <span class='ocrx_word' id='word_1_219' title='bbox 2341 3586 2408 3649; x_wconf 91' lang='lat' dir='ltr'><strong><em>P.</em></strong></span> <span class='ocrx_word' id='word_1_220' title='bbox 2464 3585 2577 3648; x_wconf 89' lang='lat' dir='ltr'><strong><em>IV.</em></strong></span> <span class='ocrx_word' id='word_1_221' title='bbox 2638 3587 2785 3649; x_wconf 88' lang='grc'><strong>240.</strong></span> 
     </span>
     <span class='ocr_line' id='line_1_28' title="bbox 332 3674 2782 3760; baseline -0.002 -19"><span class='ocrx_word' id='word_1_222' title='bbox 332 3678 661 3760; x_wconf 90' lang='grc' dir='ltr'><strong><em>στεφάνοις</em></strong></span> <span class='ocrx_word' id='word_1_223' title='bbox 707 3701 770 3739; x_wconf 90' lang='grc' dir='ltr'><strong><em>τε</em></strong></span> <span class='ocrx_word' id='word_1_224' title='bbox 816 3701 909 3739; x_wconf 92' lang='grc' dir='ltr'><strong><em>νιν</em></strong></span> <span class='ocrx_word' id='word_1_225' title='bbox 956 3677 1141 3746; x_wconf 91' lang='grc' dir='ltr'><strong><em>ποίας</em></strong></span> <span class='ocrx_word' id='word_1_226' title='bbox 1187 3678 1448 3759; x_wconf 80' lang='grc' dir='ltr'><strong><em>ἔρεπτοι.</em></strong></span> <span class='ocrx_word' id='word_1_227' title='bbox 1630 3677 1688 3737; x_wconf 94' lang='grc'><strong><em>4.</em></strong></span> <span class='ocrx_word' id='word_1_228' title='bbox 1737 3676 2067 3758; x_wconf 85' lang='grc' dir='ltr'><strong><em>ἑλιχρύσου</em></strong></span> <span class='ocrx_word' id='word_1_229' title='bbox 2124 3674 2413 3758; x_wconf 82' lang='grc' dir='ltr'><strong><em>κλάδοις]</em></strong></span> <span class='ocrx_word' id='word_1_230' title='bbox 2472 3674 2559 3738; x_wconf 81' lang='lat' dir='ltr'><strong><em>Of.</em></strong></span> <span class='ocrx_word' id='word_1_231' title='bbox 2607 3674 2782 3756; x_wconf 80' lang='lat' dir='ltr'>Ibyo.</span> 
     </span>
     <span class='ocr_line' id='line_1_29' title="bbox 335 3764 2134 3849; baseline -0.002 -20"><span class='ocrx_word' id='word_1_232' title='bbox 335 3768 392 3849; x_wconf 87' lang='grc'><strong><em>6,</em></strong></span> <span class='ocrx_word' id='word_1_233' title='bbox 430 3768 483 3829; x_wconf 90' lang='grc'><strong><em>1.</em></strong></span> <span class='ocrx_word' id='word_1_234' title='bbox 529 3768 737 3849; x_wconf 89' lang='grc' dir='ltr'><strong><em>μύρτα</em></strong></span> <span class='ocrx_word' id='word_1_235' title='bbox 784 3790 847 3829; x_wconf 90' lang='grc' dir='ltr'><strong><em>τε</em></strong></span> <span class='ocrx_word' id='word_1_236' title='bbox 892 3764 1000 3829; x_wconf 83' lang='grc' dir='ltr'><strong><em>καὶ</em></strong></span> <span class='ocrx_word' id='word_1_237' title='bbox 1045 3767 1107 3828; x_wconf 85' lang='grc' dir='ltr'><strong><em>ἴα</em></strong></span> <span class='ocrx_word' id='word_1_238' title='bbox 1153 3766 1260 3829; x_wconf 85' lang='grc' dir='ltr'><strong><em>καὶ</em></strong></span> <span class='ocrx_word' id='word_1_239' title='bbox 1306 3766 1630 3847; x_wconf 80' lang='grc' dir='ltr'><strong><em>ἑλίχρυσος</em></strong></span> <span class='ocrx_word' id='word_1_240' title='bbox 1678 3802 1789 3825; x_wconf 89' lang='grc'><strong><em>--.</em></strong></span> <span class='ocrx_word' id='word_1_241' title='bbox 2126 3771 2134 3776; x_wconf 84' lang='grc'><em>”</em></span> 
     </span>
    </p>

    <p class='ocr_par' dir='ltr' id='par_1_11' title="bbox 331 3871 2785 4134">
     <span class='ocr_line' id='line_1_30' title="bbox 514 3871 2782 3956; baseline -0 -20"><span class='ocrx_word' id='word_1_242' title='bbox 514 3875 658 3937; x_wconf 89' lang='grc'><strong>126.</strong></span> <span class='ocrx_word' id='word_1_243' title='bbox 706 3871 763 3936; x_wconf 83' lang='grc' dir='ltr'><em>ὦ</em></span> <span class='ocrx_word' id='word_1_244' title='bbox 808 3874 1150 3956; x_wconf 83' lang='grc' dir='ltr'><strong><em>πρεσβῦται</em></strong></span> <span class='ocrx_word' id='word_1_245' title='bbox 1196 3873 1363 3936; x_wconf 91' lang='grc' dir='ltr'><strong><em>πάνυ</em></strong></span> <span class='ocrx_word' id='word_1_246' title='bbox 1412 3872 1706 3954; x_wconf 82' lang='grc' dir='ltr'><strong><em>γηραλέοι</em></strong></span> <span class='ocrx_word' id='word_1_247' title='bbox 1753 3872 2158 3954; x_wconf 87' lang='grc' dir='ltr'><strong><em>σκήπτροισιν</em></strong></span> <span class='ocrx_word' id='word_1_248' title='bbox 2199 3872 2451 3935; x_wconf 80' lang='grc' dir='ltr'><strong><em>ἄκασκα</em></strong></span> <span class='ocrx_word' id='word_1_249' title='bbox 2482 3874 2782 3954; x_wconf 85' lang='grc' dir='ltr'><strong><em>προβῶν-</em></strong></span> 
     </span>
     <span class='ocr_line' id='line_1_31' title="bbox 331 3960 2785 4047; baseline -0.001 -21"><span class='ocrx_word' id='word_1_250' title='bbox 331 3962 450 4047; x_wconf 91' lang='grc' dir='ltr'><strong><em>τες]</em></strong></span> <span class='ocrx_word' id='word_1_251' title='bbox 501 3963 590 4026; x_wconf 78' lang='lat' dir='ltr'><strong><em>Of.</em></strong></span> <span class='ocrx_word' id='word_1_252' title='bbox 640 3962 865 4026; x_wconf 80' lang='lat' dir='ltr'>Aesoh.</span> <span class='ocrx_word' id='word_1_253' title='bbox 914 3964 1032 4046; x_wconf 86' lang='lat' dir='ltr'><strong><em>Ag.</em></strong></span> <span class='ocrx_word' id='word_1_254' title='bbox 1085 3964 1183 4026; x_wconf 92' lang='grc'><strong><em>79.</em></strong></span> <span class='ocrx_word' id='word_1_255' title='bbox 1250 3961 1290 4025; x_wconf 83' lang='grc' dir='ltr'><strong><em>ὅ</em></strong></span> <span class='ocrx_word' id='word_1_256' title='bbox 1350 3962 1419 4024; x_wconf 71' lang='grc' dir='ltr'><strong><em>θ’</em></strong></span> <span class='ocrx_word' id='word_1_257' title='bbox 1475 3962 1860 4044; x_wconf 81' lang='grc' dir='ltr'><strong><em>ὑπέργηρως</em></strong></span> <span class='ocrx_word' id='word_1_258' title='bbox 1916 3998 1998 4006; x_wconf 92' lang='lat'><strong><em>——</em></strong></span> <span class='ocrx_word' id='word_1_259' title='bbox 2055 3961 2356 4043; x_wconf 88' lang='grc' dir='ltr'><strong><em>τρίποδας</em></strong></span> <span class='ocrx_word' id='word_1_260' title='bbox 2408 3960 2527 4043; x_wconf 82' lang='grc' dir='ltr'><strong><em>μὲν</em></strong></span> <span class='ocrx_word' id='word_1_261' title='bbox 2592 3960 2785 4031; x_wconf 83' lang='grc' dir='ltr'><strong><em>ὁδοὺς</em></strong></span> 
     </span>
     <span class='ocr_line' id='line_1_32' title="bbox 334 4053 713 4134; baseline -0.008 -19"><span class='ocrx_word' id='word_1_262' title='bbox 334 4053 550 4134; x_wconf 89' lang='grc' dir='ltr'><strong><em>στείχει</em></strong></span> <span class='ocrx_word' id='word_1_263' title='bbox 599 4057 713 4116; x_wconf 78' lang='lat' dir='ltr'>etc.</span> 
     </span>
    </p>

    <p class='ocr_par' dir='ltr' id='par_1_12' title="bbox 333 4156 2786 4420">
     <span class='ocr_line' id='line_1_33' title="bbox 514 4156 2784 4242; baseline -0.001 -22"><span class='ocrx_word' id='word_1_264' title='bbox 514 4159 659 4222; x_wconf 88' lang='grc'><strong>310.</strong></span> <span class='ocrx_word' id='word_1_265' title='bbox 707 4157 1260 4242; x_wconf 86' lang='grc' dir='ltr'><strong><em>κρουπεζοφόρον]</em></strong></span> <span class='ocrx_word' id='word_1_266' title='bbox 1308 4157 1678 4240; x_wconf 82' lang='grc' dir='ltr'><strong><em>Κρούπεζαι</em></strong></span> <span class='ocrx_word' id='word_1_267' title='bbox 1725 4158 1861 4220; x_wconf 83' lang='lat' dir='ltr'>Sive</span> <span class='ocrx_word' id='word_1_268' title='bbox 1907 4157 2240 4239; x_wconf 86' lang='grc' dir='ltr'><strong><em>κρούπαλα</em></strong></span> <span class='ocrx_word' id='word_1_269' title='bbox 2284 4156 2492 4240; x_wconf 81' lang='lat' dir='ltr'>(Soph.</span> <span class='ocrx_word' id='word_1_270' title='bbox 2524 4156 2624 4220; x_wconf 86' lang='lat' dir='ltr'><strong><em>Fr.</em></strong></span> <span class='ocrx_word' id='word_1_271' title='bbox 2658 4158 2784 4237; x_wconf 84' lang='lat'>43.)</span> 
     </span>
     <span class='ocr_line' id='line_1_34' title="bbox 334 4245 2786 4331; baseline -0.001 -21"><span class='ocrx_word' id='word_1_272' title='bbox 334 4248 528 4311; x_wconf 80' lang='lat' dir='ltr'>calcei</span> <span class='ocrx_word' id='word_1_273' title='bbox 591 4248 788 4331; x_wconf 85' lang='lat' dir='ltr'>lignei</span> <span class='ocrx_word' id='word_1_274' title='bbox 853 4253 1035 4312; x_wconf 80' lang='lat' dir='ltr'>erant</span> <span class='ocrx_word' id='word_1_275' title='bbox 1098 4267 1371 4328; x_wconf 88' lang='lat' dir='ltr'>quorum</span> <span class='ocrx_word' id='word_1_276' title='bbox 1435 4266 1590 4309; x_wconf 83' lang='lat' dir='ltr'>usus</span> <span class='ocrx_word' id='word_1_277' title='bbox 1653 4248 1992 4329; x_wconf 80' lang='lat' dir='ltr'>praecipuo</span> <span class='ocrx_word' id='word_1_278' title='bbox 2066 4246 2235 4329; x_wconf 83' lang='lat' dir='ltr'>apud</span> <span class='ocrx_word' id='word_1_279' title='bbox 2297 4245 2572 4309; x_wconf 83' lang='lat' dir='ltr'>Boeotos</span> <span class='ocrx_word' id='word_1_280' title='bbox 2639 4251 2786 4311; x_wconf 80' lang='lat' dir='ltr'>orat.</span> 
     </span>
     <span class='ocr_line' id='line_1_35' title="bbox 333 4335 2274 4420; baseline -0.002 -20"><span class='ocrx_word' id='word_1_281' title='bbox 333 4339 714 4420; x_wconf 85' lang='grc' dir='ltr'><strong><em>κρουπέζιον</em></strong></span> <span class='ocrx_word' id='word_1_282' title='bbox 762 4341 854 4399; x_wconf 82' lang='lat' dir='ltr'><strong><em>est</em></strong></span> <span class='ocrx_word' id='word_1_283' title='bbox 900 4337 1057 4400; x_wconf 89' lang='lat' dir='ltr'>Poll.</span> <span class='ocrx_word' id='word_1_284' title='bbox 1103 4336 1186 4399; x_wconf 92' lang='lat' dir='ltr'><strong><em>X.</em></strong></span> <span class='ocrx_word' id='word_1_285' title='bbox 1240 4338 1383 4399; x_wconf 87' lang='grc'><strong>153.</strong></span> <span class='ocrx_word' id='word_1_286' title='bbox 1431 4336 1950 4419; x_wconf 71' lang='grc' dir='ltr'><strong><em>κρουπεζοῦσθαι</em></strong></span> <span class='ocrx_word' id='word_1_287' title='bbox 1997 4335 2274 4417; x_wconf 83' lang='lat' dir='ltr'>Hesyoh.</span> 
     </span>
    </p>

    <p class='ocr_par' dir='ltr' id='par_1_13' title="bbox 279 4424 2481 4509">
     <span class='ocr_line' id='line_1_36' title="bbox 279 4424 2481 4509; baseline -0.002 -20"><span class='ocrx_word' id='word_1_288' title='bbox 279 4455 282 4458; x_wconf 54' lang='grc'>“</span> <span class='ocrx_word' id='word_1_289' title='bbox 514 4426 658 4489; x_wconf 85' lang='grc'><strong>321.</strong></span> <span class='ocrx_word' id='word_1_290' title='bbox 704 4424 1018 4509; x_wconf 83' lang='grc' dir='ltr'><strong><em>βαβάκτα]</em></strong></span> <span class='ocrx_word' id='word_1_291' title='bbox 1067 4426 1114 4489; x_wconf 91' lang='grc' dir='ltr'><strong><em>Ι.</em></strong></span> <span class='ocrx_word' id='word_1_292' title='bbox 1151 4446 1208 4508; x_wconf 89' lang='lat' dir='ltr'><strong><em>q.</em></strong></span> <span class='ocrx_word' id='word_1_293' title='bbox 1254 4427 1467 4509; x_wconf 82' lang='grc' dir='ltr'><strong><em>βάβαξ</em></strong></span> <span class='ocrx_word' id='word_1_294' title='bbox 1512 4428 1581 4505; x_wconf 88' lang='lat' dir='ltr'><strong><em>(a</em></strong></span> <span class='ocrx_word' id='word_1_295' title='bbox 1626 4426 2044 4504; x_wconf 79' lang='lat' dir='ltr'>chatterer)</span> <span class='ocrx_word' id='word_1_296' title='bbox 2092 4425 2329 4488; x_wconf 78' lang='lat' dir='ltr'>Archil.</span> <span class='ocrx_word' id='word_1_297' title='bbox 2382 4425 2481 4486; x_wconf 84' lang='lat'><strong><em>29.</em></strong></span> 
     </span>
    </p>

    <p class='ocr_par' dir='ltr' id='par_1_14' title="bbox 516 4513 2269 4598">
     <span class='ocr_line' id='line_1_37' title="bbox 516 4513 2269 4598; baseline -0.002 -20"><span class='ocrx_word' id='word_1_298' title='bbox 516 4517 660 4579; x_wconf 89' lang='grc'><strong>372.</strong></span> <span class='ocrx_word' id='word_1_299' title='bbox 711 4514 798 4577; x_wconf 85' lang='lat' dir='ltr'><strong><em>Cf.</em></strong></span> <span class='ocrx_word' id='word_1_300' title='bbox 847 4516 1075 4579; x_wconf 81' lang='lat' dir='ltr'>Aesch.</span> <span class='ocrx_word' id='word_1_301' title='bbox 1124 4513 1339 4598; x_wconf 85' lang='lat' dir='ltr'>Suppl.</span> <span class='ocrx_word' id='word_1_302' title='bbox 1387 4515 1535 4577; x_wconf 84' lang='lat'>433.</span> <span class='ocrx_word' id='word_1_303' title='bbox 1582 4514 1947 4597; x_wconf 88' lang='grc' dir='ltr'><strong><em>πολυμίτων</em></strong></span> <span class='ocrx_word' id='word_1_304' title='bbox 1993 4514 2269 4577; x_wconf 88' lang='grc' dir='ltr'><strong><em>πέπλων.</em></strong></span> 
     </span>
    </p>
   </div>
  </div>
 </body>
</html>
