3574 5423
942 433 1335 481 mmmmm.
1427 433 1713 479 ORPHEUS.
1805 432 2191 478 PYTHAGORAS
2692 411 2776 474 83

511 594 609 677 71,
661 593 714 655 1.
762 594 834 657 ἐκ
879 593 1162 678 πρώτης]
1211 592 1328 670 Qu.
1376 595 1448 658 ἐκ
1493 594 1778 677 πρώρας.

510 683 607 764 75,
657 682 711 745 7.
757 682 829 746 τὸ
873 683 1152 768 μακρόν]
1199 684 1499 767 Anglice,
1546 688 1618 747 at
1661 687 1869 747 most.
1958 752 1964 757 ,

509 773 610 855 76,
658 774 715 834 8.
761 772 1005 857 μισθῷ]
1053 771 1120 835 L.
1165 773 1423 855 μισθοῦ.
2494 791 2497 795 ’

506 862 608 941 85,
674 862 775 924 20.
847 861 918 924 τὸ
996 861 1065 926 δὲ
1135 863 1469 936 στασιάζον
1542 861 1807 931 ἀσθενές
1878 884 1942 923 τε
2004 860 2112 923 καὶ
2187 859 2418 923 δοῦλον
2493 859 2775 942 (φαῦλον

326 955 497 1013 recte
544 949 609 1012 F.
656 951 757 1014 W.
806 949 1106 1015 Schmidt.
1152 951 1235 1014 II.
1283 952 1471 1031 437.).

507 1041 607 1115 95,
657 1041 713 1102 9.
760 1038 998 1122 λόγοισι
1042 1040 1458 1124 θηρευθεῖσα]
1506 1040 1779 1123 λόγοισιν
1828 1040 2150 1124 αἱρεθεῖσα
2183 1039 2309 1121 (vel
2338 1039 2778 1119 θωπευθεῖσα)

326 1128 392 1191 F.
440 1129 541 1192 W.
591 1127 888 1193 Schmidt.
936 1129 1174 1212 λόγοισι
1220 1130 1596 1213 φηλωθεῖσα
1642 1129 1703 1193 Ν
1707 1128 1886 1193 auck.

508 1219 609 1300 99,
659 1220 714 1282 5.
762 1217 1119 1302 ἕλευκώθη]
1166 1218 1314 1303 Leg.
1364 1220 1734 1302 ἕλευκάνθη.

511 1308 653 1390 100,
704 1309 760 1370 3.
809 1308 1111 1391 ἐνέχυρον
1159 1308 1405 1392 δώσεις]
1456 1308 1571 1385 Qu,
1620 1309 1920 1392 ἐνέχυρον
1967 1313 2121 1390 γοῦν
2169 1308 2410 1378 δώσεις.

509 1398 653 1459 103.
703 1397 775 1460 δέ
818 1421 902 1479 με
948 1397 1206 1481 σκέπτῃ]
1258 1397 1315 1460 δ’
1362 1397 1698 1480 ἐπισκέπτῃ
1748 1397 2157 1461 Herwerden.

509 1486 654 1566 111,
704 1486 803 1548 16.
849 1487 997 1557 τούς
1041 1486 1111 1549 θ’
1158 1486 1335 1571 ἅλας]
1383 1487 1521 1550 Imo
1566 1486 1713 1556 τοὺς
1761 1485 1819 1549 δ’
1868 1487 2038 1556 ἅλας.

513 1575 657 1657 115,
706 1576 765 1637 4.
813 1575 885 1638 ἐκ
932 1574 1146 1659 τύχης]
1194 1574 1415 1638 Malim
1462 1577 1533 1638 ἐκ
1578 1575 1816 1658 τέχνης.

511 1664 657 1745 132,
705 1664 761 1725 9.
811 1666 1045 1747 ἔτρωγε
1090 1665 1323 1748 κριθῆς
1368 1663 1620 1748 χόρτον]
1671 1663 1759 1727 Cf.
1808 1664 2188 1747 Hipponaot.
2236 1663 2334 1727 Fr.
2371 1665 2472 1748 35,
2510 1665 2565 1726 6.
2614 1671 2777 1728 σῦκα

325 1751 548 1835 μέτρια
593 1753 864 1836 τρώγων
909 1753 1016 1816 καὶ
1061 1754 1350 1837 κρίθινον
1395 1753 1683 1827 κόλλικα,
1733 1753 1987 1816 δούλιον
2031 1752 2278 1836 χόρτον.

1223 2073 1880 2140 EMPEDOGLES.

509 2200 565 2283 2,
618 2199 672 2262 1.
709 2198 995 2282 Ἀγχίτου
1040 2197 1204 2282 υἱόν]
1252 2197 1469 2262 Malim
1510 2199 1800 2282 Ἀγχίνου
1846 2198 2001 2262 υἱόν.

508 2290 608 2352 78.
655 2286 943 2352 Praestat
987 2288 1171 2351 lectio
1219 2289 1486 2352 ἄπλετον
1532 2289 1718 2371 ὕψος.

510 2377 653 2441 106.
699 2377 868 2460 Lege
915 2378 1115 2461 θῆρές
1158 2377 1228 2440 τ’.

506 2468 652 2529 270.
699 2466 854 2530 ἀλλὰ
906 2466 1264 2530 διέσπασται
1296 2467 1682 2551 (διέσπαρται
1712 2466 2033 2549 Bywater)
2064 2467 2311 2549 μελέων
2342 2467 2557 2550 φύσις,
2588 2468 2628 2551 ἡ
2659 2466 2780 2550 μὲν

329 2555 396 2618 ἓν
443 2555 704 2637 ἀνδρὸς,
757 2552 763 2641 Ι
816 2557 876 2638 (ἡ
928 2556 997 2618 δὲ
1044 2557 1445 2637 γυναικείαισι
1492 2563 1706 2638 γοναῖς
1753 2558 1842 2620 ἔνι
1886 2557 2085 2640 χωρὶς
2131 2557 2323 2620 ἐοῦσα
2364 2557 2539 2620 addit
2568 2557 2779 2637 idem).

510 2645 655 2705 373.
702 2642 847 2728 Leg.
898 2644 1221 2728 δαίμονας.
1419 2639 1425 2649 ”

507 2735 654 2796 419.
701 2732 848 2817 Lag.
895 2734 1279 2799 λεύσσεσκεν.

1316 3038 1782 3105 ORPHEUS.

502 3166 654 3247 Arg.
702 3165 850 3228 479.
898 3163 1054 3227 ἀλλὰ
1099 3165 1158 3227 τί
1197 3187 1297 3228 σοι
1343 3167 1476 3246 (μοι
1521 3165 1857 3246 Headlam)
1905 3190 2026 3244 ——,·

506 3253 650 3316 656.
698 3254 898 3337 αὐτὰρ
944 3254 1199 3337 ὑπήωοι
1243 3254 1600 3319 Wakefield
1648 3257 1727 3318 ad
1772 3256 1987 3320 Trach.
2023 3258 2185 3339 165„
2233 3256 2368 3320 coll.
2416 3255 2624 3339 Apoll.
2660 3255 2803 3322 Rh„

324 3342 435 3405 IV·
485 3344 651 3494 894810.
699 3432 1144 3495 συνεσσεύοντο
1194 3431 1263 3495 δὲ
1307 3431 1543 3496 Ποιναὶ
1587 3433 1830 3496 Wakef.
1881 3434 1962 3497 ad
2006 3434 2189 3498 Eum.
2244 3435 2385 3498 137.

502 3520 742 3602 Hymn.
778 3522 882 3602 86,
902 3521 961 3582 4.
995 3522 1137 3584 οὔτε
1169 3519 1290 3604 γὰρ
1323 3522 1597 3604 εὐχαῖσιν
1627 3524 1818 3605 πείθῃ
1851 3524 2051 3606 μόνος
2083 3526 2226 3588 οὔτε
2255 3524 2507 3588 λιταῖσιν
2533 3524 2775 3588 Wakef.

327 3610 408 3673 ad
453 3610 823 3781 Affipffssie
871 3697 1084 3781 Lapid.
1136 3699 1281 3761 503.
1330 3700 1639 3782 σευομένη
1687 3701 1934 3768 Wakef.
1983 3702 2063 3764 ad
2108 3703 2293 3765 Eum.
2346 3703 2489 3765 137.

507 3786 695 3870 Orph.
730 3807 824 3870 ap.
857 3787 1056 3850 TzetZ.
1090 3789 1169 3851 ad
1202 3788 1392 3852 Arist.
1425 3789 1517 3852 Pl.
1553 3791 1698 3853 538.
1730 3791 1838 3853 καὶ
1875 3790 2084 3874 κόριες
2127 3791 2349 3875 μιαροὶ
2392 3791 2500 3853 καὶ
2530 3792 2778 3873 ἔσχατοι

329 3875 674 3957 (δύσκολοι)
720 3876 1220 3959 ἀμφαφάασθαι.

1207 4200 1885 4266 PYTHAGORAS.

504 4326 584 4407 ἣν
631 4327 709 4388 ἂν
753 4331 987 4408 μοῖραν
1019 4328 1213 4409 ἔχοις,
1258 4328 1487 4410 ταύτην
1534 4329 1638 4410 ἔχε
1687 4327 1843 4410 μηδ’
1892 4326 2246 4411 ἀγανάκτει]
2294 4330 2373 4410 ἢν
2420 4329 2499 4390 ἂν
2543 4332 2776 4409 μοῖραν

327 4415 476 4497 ἔχῃς
526 4452 605 4458 -
656 4413 929 4498 Madvig.
1023 4416 1398 4499 Suspectum
1443 4417 1737 4480 nonnihil
1782 4419 1900 4499 ἔχε.

2371 4631 2456 4692 6*
