3574 5423
1223 468 1654 513 mccnnmns.
1744 468 1991 513 su’pno.
2375 492 2386 502 .
2753 447 2832 510 67

574 627 716 689 136.
763 626 871 690 τὸν
926 625 1085 691 κατὰ
1140 626 1424 712 Μήδων]
1483 626 1570 691 Of.
1617 628 1698 691 ad
1741 628 1936 691 Arist.
1982 626 2100 710 Eq.
2152 627 2295 690 785.
2342 626 2442 689 ἵνα
2486 625 2577 708 μὴ
2625 625 2841 708 τρίβῃς

382 716 493 798 τὴν
540 717 606 779 ἐν
652 716 981 798 Σαλαμῖνι.

566 806 709 868 144.
758 805 1046 888 εὐτόλμῳ
1100 813 1317 889 ψυχῆς
1371 806 1597 889 λήματι
1651 804 2057 888 πειθόμενοι]
2107 803 2195 868 Cf.
2245 805 2438 868 Arist.
2484 803 2640 868 Ran.
2691 803 2837 867 898.

384 894 553 977 λῆμα
604 894 661 957 δ’
711 895 831 957 οὐκ
870 895 1146 977 ἄτολμον
1178 895 1437 978 ἀμφοῖν.
1485 895 1653 960 Nub.
1686 897 1836 958 457.
1884 895 2055 977 λῆμα
2101 894 2221 976 μὲν
2265 895 2523 975 πάρεστι
2568 892 2737 975 τῷδέ
2782 895 2838 973 γ’

384 985 504 1047 οὐκ
551 984 842 1066 ἄτολμον.
890 985 1117 1047 Aeseh.
1166 985 1338 1048 Pers,
1390 987 1491 1047 55.
1538 984 1872 1066 τοξουλκῷ
1917 984 2143 1066 λήματι
2188 983 2460 1052 πιστούς.

565 1074 710 1154 150,
762 1074 814 1136 1.
865 1071 981 1147 Ωιι.
1021 1073 1290 1138 πολλάκι
1338 1074 1416 1157 δὴ
1467 1113 1550 1120 -
1588 1072 1778 1156 Ὧραι
1826 1074 1994 1156 (εὗαῖ
2030 1074 2135 1136 vel
2177 1073 2383 1153 εὐοῖΡ)
2431 1070 2839 1145 ἀνωλόλυξαν

386 1200 470 1207 -
519 1163 585 1225 αἱ
628 1162 1051 1233 Διονυσιάδες.

567 1251 712 1333 160,
763 1252 817 1314 1.
866 1251 1012 1336 γάρ]
1061 1250 1179 1328 Ωιι.
1229 1251 1287 1315 δ’
1334 1251 1454 1335 ἄρ’.

494 1436 524 1449 .„
570 1342 714 1443 170,
767 1341 820 1403 1.
867 1347 942 1425 τῇ
1007 1342 1090 1425 ῥά
1164 1340 1304 1405 ποτ’
1353 1342 1472 1427 -]
1538 1343 1709 1425 κῆρά
1773 1341 1914 1404 ποτ’
1978 1379 2057 1387 -
2115 1340 2391 1424 Madvig.
2557 1342 2617 1403 4.
2676 1338 2837 1423 ζωή]

385 1431 521 1513 ζωῃ
568 1430 1015 1603 181Ῥοἔθεσαν]
1064 1517 1179 1594 Ωιι.
1229 1521 1475 1584 ἄνεθεν.

1255 1840 1965 1906 BACCHYLIDES.

564 1963 1194 2027 ΒΑΚΧῩΛΙΔΗΣ.
1288 1964 1519 2030 Confer
1562 1968 1825 2030 nomina
1878 1965 2260 2048 Φωκυλίδης
2305 1965 2705 2048 Δερκυλίδας.

567 2055 666 2116 13.
714 2051 915 2123 ὕπνος
962 2091 1046 2098 -—-
1094 2054 1264 2137 ἀμὸν
1311 2057 1383 2125 ὃς
1427 2056 1659 2119 θάλπει
1704 2055 1895 2140 κέαρ]
1946 2093 2028 2102 -
2076 2055 2303 2119 θάλκει
2347 2056 2506 2139 κέαρ
2553 2054 2722 2138 vulg.
2756 2091 2839 2099 ——-

383 2142 595 2225 θέλγει
640 2144 798 2225 κέαρ
840 2142 906 2205 F.
937 2144 1038 2208 W.
1073 2142 1402 2225 Schmidt.‚
1449 2145 1588 2208 coll.
1623 2144 1756 2229 Iph.
1790 2146 1866 2208 A.
1906 2146 2049 2209 142.
2095 2144 2260 2227 μήθ’
2307 2146 2492 2227 ὕπνῳ
2539 2144 2840 2227 θελχθῇς.

385 2232 573 2296 RheS.
608 2233 754 2294 554.
802 2233 1011 2314 θέλγει
1059 2231 1117 2296 δ’
1165 2233 1456 2316 ὄμματος
1502 2235 1696 2316 ἕδραν
1742 2235 1960 2304 ὕπνος.
2015 2235 2211 2297 Anth.
2244 2234 2321 2298 V.
2359 2235 2503 2317 174,
2538 2234 2595 2296 3.
2642 2234 2843 2303 ὕπνος

386 2360 469 2369 --
503 2323 540 2385 ὁ
571 2322 677 2384 καὶ
709 2321 871 2392 Διὸς
917 2323 1174 2405 ὄμματα
1207 2323 1477 2404 θέλγων.
1569 2321 1668 2386 Ita
1708 2324 1901 2387 etiam
1931 2323 2297 2406 θελξίφρων
2343 2323 2543 2393 ὕπνος
2589 2322 2841 2387 alieubi.

383 2409 581 2475 Recte
644 2412 815 2475 haud
880 2411 1089 2474 dubie.
1226 2414 1285 2474 4.
1332 2419 1530 2495 μῆροι
1597 2413 1994 2496 δασυτρίχων
2058 2437 2122 2476 τε
2182 2413 2411 2496 μήλων
2466 2412 2693 2476 Blomf.
2743 2410 2841 2475 Gl.

386 2499 549 2584 Sept.
586 2502 731 2563 531.
870 2501 927 2563 8.
970 2502 1154 2584 ἔγχεα
1185 2525 1250 2565 τε
1280 2501 1594 2585 λογχωτά]
1641 2500 1795 2565 Eur.
1829 2502 2056 2565 Bacch.
2093 2502 2237 2566 760.
2285 2500 2609 2584 λογχωτὸν
2638 2501 2840 2583 βέλος.

478 2592 577 2651 12.
624 2590 911 2652 παιδικοί
950 2591 1017 2652 θ’
1064 2588 1250 2673 ὕμνοι
1296 2590 1629 2672 φλέγονται
1675 2591 2031 2670 (πλέκονται
2075 2592 2304 2655 Blomf.
2352 2592 2432 2654 ad
2477 2592 2596 2674 Ag.
2647 2591 2787 2671 90.).

565 2680 666 2763 27,
716 2681 773 2743 2.
821 2681 1133 2763 σευομένα
1182 2680 1487 2765 κυλίκων]
1537 2682 1850 2764 σευομένα
1903 2680 1960 2745 ’κ
2007 2681 2287 2746 κυλίκων
2332 2679 2748 2745 Herwerden.

565 2770 667 2852 29,
717 2770 772 2830 5.
821 2769 1056 2852 ὀλβίων
1101 2770 1323 2840 παῖδές
1367 2770 1486 2854 νιν]
1534 2769 1682 2854 Leg.
1731 2771 1932 2852 ὄλβιοι
1982 2769 2039 2834 δ’
2087 2771 2197 2834 εἴσ’
2246 2772 2318 2833 οἴ
2350 2794 2444 2834 νιν
2507 2808 2604 2831 -.

566 2859 666 2920 30.
714 2857 822 2921 καὶ
870 2859 1155 2923 δειλοῖσιν
1203 2860 1602 2942 ἀνθρώπων]
1650 2861 1893 2923 Annon
1938 2866 2065 2930 τοῖς
2113 2898 2196 2905 -
2212 2861 2242 2923 P

566 2948 667 3010 33.
717 2948 929 3018 δαῖτας
976 2948 1316 3032 εὐόχθους]
1366 2949 1454 3012 Of.
1503 2948 1654 3011 Eur.
1701 2949 1836 3013 Ion.
1890 2950 2078 3012 1169.
2127 2949 2409 3032 εὐόχθου
2455 2950 2673 3031 βορᾶς.

562 3038 665 3099 47.
713 3037 1026 3122 νωμᾶται]
1074 3037 1221 3122 Leg.
1268 3043 1567 3102 πωτᾶται.

1411 3340 1815 3408 SAPPHO.

570 3484 625 3565 1,
680 3484 778 3547 18.
829 3482 944 3559 Ωιι.
994 3481 1180 3567 δηῦτε
1226 3485 1465 3558 πειθοῖ,
1521 3485 1626 3549 vel
1674 3483 1848 3569 δηῦτ’
1896 3486 2191 3556 ἀπειλαῖς.
2378 3489 2479 3549 24.
2528 3486 2839 3571 ἐθέλοισα]

389 3571 504 3648 Ωιι.
554 3573 901 3637 ἐθέλοισαν.

566 3664 625 3744 2,
675 3664 731 3724 5.
778 3664 848 3726 τό
894 3687 1006 3745 μοι
1056 3661 1203 3745 ’μὰν
1248 3662 1541 3747 καρδίαν]
1588 3663 1736 3747 Leg.
1783 3663 1855 3727 τό
1900 3689 2013 3747 μοι
2058 3664 2170 3729 τὰν
2216 3667 2501 3748 καρδίαν.

567 3753 623 3813 5.
672 3752 838 3835 ἀμφὶ
886 3752 944 3816 δ’
993 3751 1238 3835 ἅβροις]
1289 3751 1404 3827 Ωιι.
1454 3752 1620 3835 ἀμφὶ
1665 3755 1929 3836 νεβροῖς.

568 3841 668 3903 36.
715 3841 1108 3925 μνάσασθαι]
1154 3842 1512 3924 μνάσεσθαι
1559 3862 1707 3905 cum
1754 3842 2129 3907 Casaubono
2176 3842 2243 3906 L.
2290 3843 2578 3907 Dindorf.

565 3931 667 3992 46.
724 3931 1038 4002 κάπάλαις
1103 3932 1512 4014 ὑποθυμίδας
1575 3932 1867 4002 πλέκταις
1930 3932 2095 4015 ἀμφ’
2161 3933 2374 4015 ἀπάλᾳ
2441 3933 2628 4017 δέρᾳ]
2693 3931 2841 4017 Leg.

386 4019 678 4089 κάπαλὰς
723 4021 1134 4104 ὑποθυμίδας
1176 4021 1184 4103 Ι
1224 4021 1492 4092 πλεκτὰς
1540 4059 1650 4082 -.

568 4110 671 4190 54,
705 4110 761 4171 3.
793 4109 1099 4193 μάτεισαι]
1131 4111 1423 4193 μάτοισαι
1454 4111 1531 4174 al.
1577 4117 1860 4175 πατεῖσαι
1890 4112 2301 4175 Herwerden.
2373 4111 2491 4187 Ωιι.
2523 4115 2841 4175 πατεῢσαι.

571 4199 673 4279 70,
722 4200 777 4260 2.
824 4198 897 4261 τὰ
944 4200 1166 4281 βράκε’
1223 4199 1413 4282 ἔλκην
1470 4200 1570 4263 ἐπὶ
1623 4206 1755 4264 τῶν
1812 4201 2106 4285 σφυρῶν]
2157 4199 2243 4264 Cf.
2292 4199 2515 4283 Eupol.
2564 4200 2645 4263 ΙΙ.
2693 4201 2842 4263 464.

390 4285 456 4347 έν
519 4292 648 4348 τοῖν
715 4295 985 4369 σφυροῒν
1050 4288 1309 4352 ἕλκοντα
1373 4288 1486 4372 τὴν
1551 4292 1922 4372 στρατηγίαν
1986 4290 2353 4373 (μειράκια).
2429 4289 2617 4352 Dion.
2676 4288 2843 4353 OaSS.

389 4372 623 4437 XLVI.
671 4395 727 4457 p.
777 4377 903 4438 303
927 4375 1005 4439 Ο.
1039 4376 1219 4440 Dem.
1266 4399 1323 4461 p.
1373 4380 1522 4459 442,
1573 4380 1672 4441 15.
1732 4379 1834 4442 διὰ
1881 4386 1991 4462 τῆς
2037 4380 2278 4461 ἀγορᾶς
2321 4379 2655 4461 πορεύεται
2700 4379 2841 4442 θοί-

386 4464 612 4544 μάτιον
657 4464 881 4533 καθεὶς
925 4466 1071 4548 ἄχρι
1116 4472 1244 4529 τῶν
1290 4473 1575 4549 σφυρῶν.

568 4553 670 4616 81.
719 4554 780 4616 οἱ
824 4553 966 4616 θεοὶ
1012 4553 1133 4636 γὰρ
1182 4554 1299 4638 -]
1350 4553 1465 4629 Ωιι.
1514 4558 1576 4618 οἱ
1620 4556 1762 4619 θεοὶ
1810 4557 1869 4618 δ’
1917 4557 2021 4639 ἄρ’
2071 4596 2181 4618 ——.

2329 4666 2414 4725 5*
