3574 5423
848 417 974 480 168
1725 434 2020 479 EURIPIDIS
2066 435 2421 479 FRAGMENTA
2455 498 2461 503 θ

1019 595 1171 675 271,
1220 594 1273 655 1.
1321 592 1559 676 πτηνὰς
1607 594 1859 663 διώκεις
1908 629 1986 639 -
2038 592 2315 678 ἐλπίδας]
2351 594 2442 658 Of.
2474 595 2703 659 Aesch.
2738 596 2856 679 Ag.
2892 596 3039 658 394.
3083 597 3303 660 διώκει

841 691 989 755 παῖς
1042 682 1321 747 ποτανὸν
1375 684 1553 765 ὄρνιν
1733 684 1790 744 2.
1845 689 1957 764 τῆς
2009 682 2202 765 τύχης
2257 682 2316 746 δ’
2373 684 2492 766 οὑχ
2550 685 2637 754 εἷς
2690 684 2949 769 τρόπος]
3008 684 3099 749 Of.
3152 686 3301 750 547.

842 773 984 844 ἑνὸς
1031 773 1089 836 δ’
1135 774 1373 855 ἔρωτος
1418 773 1600 841 ὄντος
1647 773 1725 834 οὐ
1754 771 1849 853 μί’
1881 772 2101 854 ἡδονή.
2267 772 2343 835 Β.
2378 775 2528 845 οὒκ,
2577 775 2634 836 εἰ
2672 774 2828 857 τύχῃ
2863 798 2933 856 γε
2965 774 3301 838 Headlam.

849 861 965 938 Qu.
998 862 1075 925 Β.
1124 863 1276 934 οὒκ,
1323 864 1404 944 ἢν
1447 862 1621 943 τύχω
1672 885 1741 942 γε
1789 861 1913 941 (vel
1963 859 2118 942 ’γώ).

1024 952 1173 1032 286,
1222 950 1279 1012 5.
1324 950 1415 1033 μὴ
1470 950 1556 1012 ’πὶ
1599 956 1726 1020 τοῖς
1772 951 1949 1032 ἐμοῖς
2003 949 2213 1032 λόγοις
2268 951 2534 1033 γνώμην
2590 951 2861 1036 ἔχοντες[
2918 952 3007 1016 Cf.
3056 952 3299 1017 Herod.

842 1041 890 1104 I.
943 1042 1042 1103 59.
1091 1040 1192 1103 ἐπὶ
1235 1046 1389 1103 τοῖσι
1434 1045 1811 1103 κατεστεῶσι
1867 1040 2048 1121 ἔνεμε
2100 1040 2214 1122 τὴν
2267 1040 2465 1103 πόλιν.
2653 1042 2706 1102 7.
2762 1041 3298 1126 παραβαίνοντας]

842 1128 939 1193 Sc,
986 1130 1360 1213 τυράννους,
1421 1129 1592 1211 quod
1645 1129 1718 1191 in
1770 1128 2107 1210 τυραννίδα
2166 1129 2332 1192 latet.
2519 1130 2617 1192 15.
2674 1128 2819 1213 Leg.
2880 1169 2965 1177 -—
3020 1130 3096 1194 τὰ
3152 1132 3299 1195 θεῖα

841 1224 1126 1302 πυργῶν,
1173 1218 1377 1301 ἄνδρα
1428 1218 1736 1300 δύστηνον
1781 1218 2010 1290 καλεῖν,
2058 1217 2163 1282 vel
2210 1255 2291 1264 ·-
2340 1218 2522 1302 ἄνδρ’
2570 1221 2649 1282 ἂν
2693 1220 2982 1301 ἡγεῖσθαι
3027 1221 3254 1284 κακόν.

1021 1309 1169 1389 287,
1221 1310 1276 1370 1.
1325 1307 1413 1372 Cf.
1437 1306 1668 1370 Bacch.
1704 1307 1850 1370 673.
1881 1313 2010 1377 τοῖς
2042 1306 2163 1389 γὰρ
2196 1307 2460 1377 δικαίοις
2490 1308 2632 1391 οὑχὶ
2660 1309 3039 1390 θυμοῦσθαι
3068 1311 3299 1392 χρεῶν.

936 1399 1034 1460 13.
1085 1398 1151 1460 ἐν
1201 1396 1281 1481 δ’]
1331 1394 1446 1471 QU.
1496 1395 1597 1459 εἶτ’
1645 1396 1748 1460 vel
1794 1396 1960 1458 ὥστ’.

947 1501 980 1525 “
1022 1488 1170 1569 292,
1218 1487 1275 1548 5.
1322 1485 1477 1548 ἀλλὰ
1522 1493 1618 1567 τῷ
1662 1483 1872 1568 νόμῳ]
1922 1483 2054 1547 ἀλλ’
2101 1485 2288 1568 ἁπλῷ
2332 1486 2518 1568 νόμῳ
2566 1486 2893 1570 Gomperz.
2973 1487 3093 1564 Qu.
3141 1488 3300 1551 ἀλλὰ

839 1584 933 1659 τῷ
978 1576 1196 1659 χρόνῳ
1206 1622 1223 1649 ,
1280 1574 1379 1639 Vel
1429 1574 1617 1656 ἁπλῷ
1660 1598 1753 1656 τῳ
1800 1574 1985 1657 νόμῳ,
2032 1574 2314 1656 (τρόπῳ).
2499 1576 2554 1637 6.
2603 1576 2760 1639 ἀλλά
2817 1575 2939 1660 σοι]
2997 1577 3153 1640 ἄλλο
3200 1601 3302 1641 σοι

840 1665 1040 1743 idem,
1086 1664 1444 1729 secundum
1489 1663 1908 1728 Homericum
1953 1663 2106 1726 ἄλλο
2155 1664 2227 1726 δέ
2269 1687 2363 1726 τοι
2411 1664 2590 1746 ἐρέω.

1022 1755 1173 1834 295,
1220 1756 1277 1816 2.
1324 1761 1596 1836 πονηρῷ
1624 1761 1718 1835 τῷ
1748 1750 2010 1835 φθόνῳ]
2043 1750 2191 1835 Leg.
2223 1761 2495 1836 πονηρῷ
2522 1778 2614 1836 τῳ
2647 1754 2899 1837 φθόνῳ.
2950 1754 3040 1819 Of.
3063 1755 3299 1839 Adesp.

843 1845 992 1925 547,
1026 1845 1083 1905 4.
1133 1845 1170 1907 ὃ
1216 1844 1621 1925 περιέτρεψεν
1676 1845 1715 1924 ἢ
1772 1841 2005 1925 χρόνος
2049 1865 2136 1931 τις
2191 1844 2231 1924 ἢ
2288 1842 2539 1924 φθόνος
2585 1844 2652 1926 (l.
2709 1846 2749 1926 ἢ
2808 1844 3060 1926 φθόνος
3114 1869 3202 1915 τις
3258 1849 3299 1928 ἢ

927 1934 1115 2013 όνος).

843 1958 924 2017 χρ
1020 2023 1167 2085 302.
1217 2019 1303 2084 Cf.
1324 2021 1551 2086 Aesch.
1577 2022 1690 2104 Ag.
1719 2021 1865 2083 938.
1897 2021 2083 2103 φήμη
2119 2043 2188 2101 γε
2217 2021 2430 2103 μέντοι
2463 2020 2841 2105 δημόθρους
2869 2023 3036 2104 μέγα
3070 2023 3302 2087 σθένει.

1021 2112 1165 2175 305.
1213 2111 1321 2173 καὶ
1367 2108 1605 2193 ξεστὸν]
1652 2109 1773 2180 κάς
1820 2109 2035 2182 ξεστὸν
2080 2109 2151 2173 R.
2199 2108 2376 2173 Elljs.
2424 2109 2633 2173 Recte.
2801 2111 3019 2184 ξεστὸν
3066 2112 3303 2197 ὄχθον]

840 2202 1005 2265 F-ort
1054 2199 1271 2274 ξεστὸν
1299 2199 1515 2262 οὐδόν
1559 2199 1872 2279 (limen).
1951 2196 2040 2260 Cf.
2092 2200 2237 2281 781,
2272 2199 2328 2260 9.
2376 2201 2637 2271 ξεστοῖσι
2682 2200 3020 2282 θαλάμοις.

1022 2290 1168 2370 330,
1218 2289 1275 2351 3.
1322 2288 1629 2370 ἐκπέμπει
1678 2325 1758 2334 -
1808 2288 2093 2369 χειμῶνά
2140 2290 2189 2349 τ’
2236 2287 2434 2372 αὔξει]
2483 2289 2832 2370 ἐκπέμπων
2880 2327 2963 2335 -
3011 2292 3306 2373 χειμῶνά

841 2378 894 2442 τ’
959 2377 1148 2448 αὖθις
1215 2376 1629 2461 probabiliter
1689 2375 2101 2441 Herwerden.
2178 2377 2471 2441 Imitatur
2524 2378 2921 2460 Aeschylum
2981 2383 3100 2462 Ag.
3151 2381 3303 2443 281.

839 2466 1138 2550 λαμπρὸν
1184 2467 1536 2548 ἐκπέμπων
1582 2466 1781 2535 σέλας.

1020 2557 1273 2620 334.1.
1334 2554 1655 2620 Connecte
1710 2555 1965 2625 πολλοῖς
2021 2555 2099 2638 δὴ
2155 2556 2424 2639 βροτῶν.
2504 2554 2592 2618 Of.
2639 2555 2891 2639 221,1.
2948 2558 3173 2621 πολλοὶ
3231 2558 3305 2621 δὲ

840 2648 1543 2818 ὒνηπξέὃθῖῗίκύματος
1587 2734 1916 2818 πορθμός]
1962 2734 2010 2797 Ι.
2045 2735 2497 2817 (1.ἀκύμαντος
2539 2736 2749 2819 (Hipp.
2784 2737 2974 2818 235.‚)
3022 2738 3306 2819 ἀκύμων

841 2827 999 2910 (Iph.
1046 2825 1110 2888 T.
1162 2826 1401 2905 1444.‚)
1450 2825 1700 2907 ἄκυμος
1747 2824 1957 2905 (Herc.
2008 2823 2194 2905 698..)

1020 2915 1167 2997 340,
1214 2916 1272 2976 4.
1320 2912 1618 2997 περαίνει]
1651 2913 1952 2996 Anglice,
1997 2911 2351 2995 finisheS,
2398 2914 2597 2977 ends.
2666 2913 2755 2977 cf.
2786 2899 3017 2979 Aesch.
3050 2915 3160 2979 Oh.
3195 2916 3301 2978 55.

843 3003 922 3067 δι’
970 3005 1157 3067 ῶτῶν
1207 3040 1290 3050 --
1337 3008 1655 3085 περαῖνον.

1021 3093 1167 3154 344.
1216 3092 1335 3154 οὑκ
1383 3092 1784 3173 ἀγύμναστος
1830 3090 2093 3175 φρένας]
2154 3090 2242 3154 Of.
2293 3092 2438 3154 598.
2486 3093 2607 3155 οὑκ
2654 3093 3042 3176 ἀγυμνάστῳ
3097 3096 3302 3176 φρενί.

1021 3182 1165 3243 354.
1211 3180 1321 3250 τὰς
1396 3180 1644 3264 οὐσίας]
1720 3181 1935 3250 ὁσίους
2010 3179 2289 3262 τρόπους
2359 3182 2570 3245 Herw.
2677 3182 3018 3266 Vulgatam
3085 3188 3307 3247 tuetur

838 3269 1181 3350 Headlam,
1243 3269 1557 3333 θεόσδοτα
1613 3270 1908 3352 χρήματα
1966 3270 2354 3352 intelligenS,
2409 3276 2773 3354 property
2832 3272 2995 3335 that
3050 3290 3304 3337 comes

841 3318 1253 3441 naturally,
1312 3379 1388 3422 as
1433 3358 1531 3439 by
1579 3359 2088 3441 inheritance,
2147 3359 2286 3422 coll.
2333 3358 2484 3423 Hes.
2535 3358 2648 3456 Op.
2700 3360 2845 3424 320.
2892 3362 3190 3445 χρήματα
3241 3363 3303 3426 δ’

735 3485 746 3494 —
841 3449 960 3531 οὑχ
1009 3449 1328 3530 ἁρπακτά·
1376 3448 1693 3512 θεόσδοτα
1740 3447 1978 3511 πολλὸν
2024 3448 2281 3529 ἀμείνω.

1020 3538 1165 3620 360,
1216 3537 1271 3598 1.
1339 3535 1454 3612 Qu.
1512 3538 1773 3607 εὑθέως.
1968 3539 2024 3599 2.
2082 3536 2228 3621 Leg.
2285 3538 2546 3620 ἡδίονες.
2749 3540 2804 3601 3.
2863 3537 3011 3623 Leg.
3073 3540 3300 3623 δυσχε-

840 3628 1118 3710 ρέστεροι
1163 3627 1344 3689 πολύ.
1422 3628 1589 3709 Apte
1635 3628 1803 3690 inter
1849 3644 1939 3689 80
1960 3626 2350 3710 respondent
2393 3627 2641 3709 ἡδίονες
2695 3633 2759 3691 et
2805 3628 3301 3713 δυσχερέστεροι.

933 3717 1032 3779 18.
1080 3714 1489 3798 ὑπερδοῦναι]
1538 3714 1684 3798 Leg.
1733 3717 1895 3797 ὑπερ
1954 3715 2194 3779 δοῦναι.
2274 3715 2363 3778 Of.
2419 3717 2499 3779 ad
2545 3737 2602 3778 v.
2649 3718 2750 3778 35.
2799 3721 2864 3780 et
2907 3718 3007 3781 Fr.
3061 3718 3208 3800 120,
3245 3721 3303 3781 3.

838 3806 1084 3888 πάτρας
1128 3806 1513 3888 ὑπερθανεῖν
1560 3805 1618 3886 (l.
1666 3803 1825 3886 ὑπερ
1871 3805 2129 3885 θανεῖν).

980 3894 1165 4002 Ν361,
1215 3897 1271 3956 2.
1318 3900 1430 3957 τοῦ
1475 3894 1725 3977 βλέπειν
1769 3893 1917 3963 τοὺς
1960 3894 2051 3976 μὴ
2100 3894 2337 3978 καλῶς]
2385 3892 2532 3977 Leg.
2578 3895 2687 3957 καὶ
2730 3895 2985 3977 βλέπειν
3029 3900 3161 3960 τῶν
3205 3897 3301 3981 μὴ

837 3984 1166 4154 nami-§362
1218 4074 1319 4136 24.
1368 4070 1723 4155 ἐντρυφῶν]
1774 4070 1863 4135 Cf.
1910 4069 2078 4136 Men.
2130 4073 2276 4154 535,
2309 4074 2366 4135 8.
2415 4073 2707 4155 γαμηλίῳ
2753 4073 2917 4156 λέχει
2962 4097 3026 4138 τε
3070 4075 3306 4158 μοιχὸς

838 4163 1224 4313 fflevg'ssv'
1204 4250 1496 4320 Ἀσιάδος
1525 4249 1885 4333 κρούματα]
1921 4249 2010 4313 Of.
2046 4250 2218 4332 Cycl.
2252 4251 2399 4313 441.
2423 4250 2715 4321 Ἀσιάδος
2744 4208 3026 4335 κιθάρας
3056 4253 3306 4336 ψόφον.

1023 4340 1275 4421 374,1.
1323 4340 1576 4403 κύαθον
1626 4376 1706 4384 -
1755 4345 1884 4409 τοῖς
1929 4340 2265 4423 ὑπωπίοις]
2326 4338 2413 4402 Of.
2462 4342 2654 4403 Arist.
2701 4338 2847 4421 Lys.
2898 4343 3049 4404 444.
3105 4344 3306 4428 ταύτῃ

837 4428 2020 4602 σῦρῖσῖῗὲἑςιῶιύέζςονῦῦοτιέξῗὲζίτάχα.
2070 4430 2401 4513 Apolloph.
2441 4447 2598 4491 com.
2641 4432 2698 4492 3.
2736 4430 2967 4510 (πόθεν
3006 4433 3109 4512 ἂν)
3140 4434 3307 4498 κύα-
