3574 5423
831 406 954 468 182
1696 423 2054 468 FRAGMENTA
2100 422 2404 467 ADESPOTA

1006 583 1150 645 372.
1198 587 1326 645 ποῦ
1383 581 1504 664 γὰρ
1557 581 1632 644 τὰ
1690 581 1889 664 σεμνὰ
1939 579 2080 665 -,·]
2146 580 2476 664 Sophoclis
2542 581 2804 645 fortasse
2870 599 3105 645 versus.
3184 582 3272 646 Cf.

826 669 977 736 Oed.
1025 670 1097 734 R.
1149 672 1293 735 952.
1340 670 1414 733 τὰ
1463 669 1639 753 σέμν’
1687 668 1764 733 ἵν’
1812 671 1951 752 ἥκει
1995 675 2107 732 τοῦ
2152 670 2313 732 θεοῦ
2358 671 2779 753 μαντεύματα.

1006 762 1151 843 373,
1200 763 1256 822 2.
1312 757 1702 843 βριθομένα]
1761 758 1851 823 Of.
1899 757 2048 822 Eur.
2094 759 2230 822 Tro.
2281 759 2425 822 216.
2485 758 2661 842 ὄλβῳ
2714 760 2959 842 βρίθειν
3023 760 3284 823 εὐθαλεῖ

823 852 873 911 τ’
921 849 1216 931 εὐτεκνίᾳ.

1005 940 1152 1020 375,
1200 940 1256 1000 2.
1303 937 1570 1020 χθονίας
1606 935 1878 1019 Ἑκάτης
1923 935 2172 1019 κῶμος]
2231 935 2320 1000 Cf.
2369 937 2598 1002 Aesch.
2646 939 2763 1020 Ag.
2816 939 3002 1001 1189.
3050 943 3276 1021 κῶμος

825 1028 893 1090 ἐν
940 1027 1165 1109 δόμοις
1208 1027 1380 1110 μένει
1420 1026 1429 1106 Ι
1473 1026 1876 1108 δύσπεμπτος
1922 1026 2049 1099 ἔξω
2096 1025 2427 1108 συγγόνων
2465 1025 2791 1107 Ἐρινύων.

1005 1118 1152 1197 382,
1200 1116 1256 1179 9.
1302 1114 1590 1199 θύοντες]
1641 1114 1755 1191 Ωιι.
1803 1116 2118 1198 βρύοντες.

1006 1206 1152 1269 414.
1201 1206 1480 1286 ἄκραντα
1531 1242 1612 1250 -
1661 1203 2001 1289 θεσπίζειν]
2038 1204 2128 1268 Cf.
2160 1204 2388 1268 Aesch.
2424 1202 2529 1267 Ch.
2564 1205 2710 1268 869.
2748 1206 3027 1288 ἄκραντα
3074 1206 3275 1289 βάζω.

826 1296 944 1379 Ag.
994 1296 1140 1357 249.
1186 1295 1394 1377 τέχναι
1442 1293 1511 1358 δὲ
1555 1293 1928 1377 Κάλχαντος
1974 1294 2094 1357 οὐκ
2141 1294 2457 1375 ἄκραντοι.
2510 1295 2696 1356 1212.

1004 1385 1152 1447 426.
1200 1382 1558 1467 ῥινηλάτην]
1608 1382 1699 1446 Of.
1747 1383 1976 1446 Aesoh.
2025 1384 2144 1466 Ag,
2197 1384 2384 1446 1185.
2435 1383 2865 1467 ῥινηλατούσῃ.

1004 1475 1153 1536 438.
1205 1472 1293 1536 Cf.
1334 1473 1608 1556 Theogn.
1648 1472 1836 1535 1007.
1885 1473 1951 1535 ἒν
1995 1472 2114 1554 μὲν
2159 1474 2566 1555 μαινομένοις
2609 1474 2781 1555 μάλα
2828 1474 3162 1556 μαίνομαι,
3211 1474 3280 1537 ἒν

828 1562 898 1627 δὲ
946 1562 1207 1632 δικαίοις
1248 1561 1256 1644 Ι
1296 1562 1553 1625 πάντων
1600 1561 1976 1643 ἀνθρώπων
2009 1560 2133 1644 εἰμὶ
2166 1561 2570 1632 δικαιότατος.
2630 1561 2885 1626 Scolion
2918 1583 3012 1646 ap.
3046 1564 3277 1626 Athen.

825 1651 972 1716 XV.
1024 1651 1149 1715 695
1183 1650 1259 1714 D.
1306 1652 1423 1715 σύν
1467 1675 1578 1733 μοι
1624 1651 1996 1734 μαινομένῳ
2040 1652 2292 1733 μαίνεο,
2341 1651 2456 1715 σὺν
2503 1653 2792 1734 σώφρονι
2839 1651 3175 1735 σωφρόνει.

1004 1741 1152 1803 446.
1199 1740 1443 1804 κατεῖδε
1496 1740 1752 1823 χρόνιος
1799 1741 1885 1809 εἰς
1938 1738 2048 1810 τὰς
2105 1739 2441 1824 διφθέρας]
2499 1740 2676 1805 Haec
2731 1742 2844 1804 vix
2899 1761 3052 1806 sana
3107 1747 3278 1805 sunt.

827 1828 942 1907 Ωιι.
989 1829 1269 1895 κατεῖδεν
1314 1831 1381 1893 ἐν
1425 1831 1643 1913 χρόνῳ
1688 1828 1799 1899 τὰς
1844 1864 1930 1874 —-

1004 1921 1151 1983 458.
1201 1918 1291 1982 Cf.
1340 1919 1565 1982 Aesch.
1613 1920 1731 1996 Ag.
1784 1918 1971 1981 1598.
2020 1917 2311 2000 ἐπιγνοὺς
2356 1920 2545 2001 ἔργον
2591 1921 2668 1983 οὐ
2714 1921 3049 1984 καταίσιον.

1006 2009 1154 2091 470,
1200 2011 1259 2070 4.
1306 2007 1561 2091 ηὕρηκ’]
1612 2006 1726 2083 Ωιι.
1774 2005 1992 2090 ηὗρον.

1004 2099 1151 2161 477.
1201 2097 1352 2160 οὐδὲ
1400 2097 1485 2167 εἷς
1532 2135 1615 2143 -
1665 2095 1897 2180 σθένει]
1918 2094 1923 2098 ’
1945 2097 2111 2160 Fort.
2160 2096 2299 2160 οὐδ’
2347 2100 2426 2161 ἂν
2473 2098 2557 2168 εἷς
2590 2135 2672 2143 —-
2707 2098 2939 2162 σθένοι.
3013 2100 3281 2182 VerSUS‚

824 2189 894 2251 ni
940 2188 1151 2267 fallor,
1197 2207 1282 2251 ex
1327 2187 1661 2251 comoedia
1706 2191 2026 2269 sumptus,
2088 2192 2157 2250 ut
2204 2188 2482 2251 ostendit
2536 2187 2687 2251 οὐδὲ
2743 2187 2827 2257 εἷς
2880 2207 2994 2271 pro
3051 2189 3275 2260 οὐδείς.

830 2275 1088 2360 Legitur
1134 2281 1351 2340 tamen
1396 2278 1588 2340 etiam
1634 2276 1705 2338 in
1749 2275 2046 2356 Dionysii
2093 2295 2284 2340 versu
2331 2276 2428 2339 Fr.
2481 2277 2535 2358 7,
2570 2278 2626 2338 2.
2673 2283 2800 2348 τοῖς
2856 2277 3043 2341 οὐδὲν
3099 2275 3281 2342 οὖσιν

825 2366 977 2430 οὐδὲ
1025 2366 1112 2435 εἷς
1156 2366 1323 2436 ὅλως
1369 2366 1614 2447 φθονεῖ.

1002 2456 1152 2536 482,
1200 2456 1256 2516 4.
1308 2452 1593 2519 Of.·Eur.
1640 2454 1777 2517 Tro.
1832 2453 1978 2517 608.
2025 2455 2336 2536 πυργοῦσ’
2384 2456 2521 2518 ἅνω
2575 2455 2650 2517 τὰ
2705 2455 2910 2538 μηδὲν
2967 2457 3143 2529 ὄντα,
3201 2457 3278 2519 τὰ

827 2544 897 2607 δὲ
945 2543 1235 2607 δοκοῦντ’
1283 2544 1635 2607 ἀπώλεσαν.
1684 2543 1947 2607 Hesiod.
1997 2543 2110 2628 Op.
2146 2546 2201 2606 6.
2251 2545 2385 2626 ῥεῖα
2436 2544 2494 2607 δ’
2543 2545 2840 2627 ἀρίζηλον
2884 2545 3138 2627 μινύθει
3169 2546 3281 2609 καὶ

824 2633 1063 2717 ἄδηλον
1109 2634 1289 2707 ἀέξει.

1002 2725 1149 2786 485.
1200 2726 1256 2786 2.
1305 2724 1394 2788 Cf.
1429 2724 1655 2787 Aesoh.
1690 2725 1808 2806 Ag.
1846 2724 1990 2786 952.
2039 2723 2192 2793 θεὸς
2237 2723 2583 2806 πρόσωθεν
2631 2725 2916 2806 εὐμενῶς
2959 2725 3276 2808 προσδέρ-

823 2836 1008 2877 κεται.
1062 2814 1206 2875 947.
1253 2812 1439 2876 Eum.
1489 2814 1634 2877 297.
1682 2813 1854 2876 κλύει
1903 2812 1973 2875 δὲ
2018 2813 2125 2875 καὶ
2170 2812 2518 2893 πρόσωθεν
2563 2815 2659 2877 ὢν
2704 2813 2874 2883 θεός.

962 2958 966 2962 .
1003 2903 1149 2965 491.
1198 2904 1284 2973 εἷς
1327 2902 1401 2965 τὰ
1449 2901 1628 2965 πάντ’
1676 2901 1850 2985 ἰδεῖν]
1907 2900 2054 2985 Leg.
2102 2903 2264 2965 ὥστε
2312 2939 2422 2963 -.
2502 2902 2593 2966 Of.
2640 2903 2874 2987 Adesp.
2922 2904 3068 2966 421.
3117 2906 3280 2967 ἔστιν

824 2990 1019 3073 Δίκης
1065 2991 1434 3073 ὀφθαλμὸς,
1483 2993 1556 3060 ὃς
1599 2991 1672 3054 τὰ
1720 2991 1918 3054 πάνθ’
1967 2992 2105 3074 ὁρᾷ.
2241 2992 2421 3055 πάντ’
2469 2990 2641 3075 ἰδεῖν]
2692 2990 2807 3067 Ωιι.
2854 2993 3050 3056 πάνθ’
3099 2994 3277 3074 ὁρᾶν.

1005 3081 1150 3142 500.
1200 3078 1287 3142 Of.
1319 3081 1542 3164 Agam.
1572 3081 1715 3143 773.
1748 3080 1906 3143 Δίκα
1942 3080 2011 3145 δὲ
2042 3081 2273 3163 λάμπει
2302 3080 2421 3163 μὲν
2453 3082 2519 3144 ἐν
2552 3081 2937 3152 δυσκάπνοις
2969 3082 3277 3164 δώμασιν.

1006 3169 1152 3250 506,
1204 3170 1257 3232 1.
1305 3171 1561 3233 πάντων
1607 3170 1913 3252 τύραννος
1961 3171 1999 3252 ἡ
2046 3171 2200 3253 τύχη
2264 3170 2372 3234 ’στὶ
2424 3176 2554 3234 τῶν
2608 3170 2803 3244 θεῶν,
2846 3170 2855 3252 Ι
2894 3170 2969 3233 τὰ
3028 3172 3085 3233 δ’
3141 3172 3277 3235 ἀλλ’

825 3258 1109 3339 ὀνόματα
1176 3264 1382 3341 γαῦρα
1448 3258 1811 3341 πρόσκειται
1874 3260 2080 3342 μάτην
2146 3259 2471 3342 Gomperz.
2561 3257 2677 3334 Ωιι.
2731 3298 2815 3306 -
2871 3260 2945 3323 τὰ
3004 3261 3061 3323 δ’
3119 3261 3278 3324 ἄλλα

822 3346 1026 3410 πάντα
1074 3353 1190 3412 etc.
1281 3346 1368 3412 Of.
1416 3348 1636 3412 incert.
1686 3347 2147 3431 (EuripidemP)
2195 3368 2288 3431 ap.
2338 3348 2507 3412 Stob.
2555 3349 2717 3413 Flor.
2764 3348 2812 3411 I.
2863 3350 2965 3411 87.
3017 3352 3071 3412 7.
3117 3351 3276 3433 τύχη

823 3438 1104 3520 κυβερνᾷ
1149 3438 1378 3500 πάντα’
1424 3439 1653 3520 ταύτην
1702 3437 1906 3520 (τήνδε
1919 3439 1972 3516 Ρ)
2019 3438 2126 3501 καὶ
2172 3439 2410 3520 φρένας
2451 3438 2458 3521 Ι
2504 3438 2601 3502 δεῖ
2647 3439 2754 3502 καὶ
2807 3438 3115 3521 πρόνοιαν
3171 3441 3281 3503 καὶ

822 3526 980 3589 θεὸν
1034 3527 1245 3590 καλεῖν
1298 3527 1522 3609 μόνην,
1566 3527 1574 3609 Ι
1616 3528 1673 3589 εἰ
1719 3527 1811 3609 μή
1858 3550 1946 3596 τις
2000 3527 2207 3596 ἄλλως
2254 3527 2562 3609 ὀνόμασιν
2607 3530 2808 3611 χαίρει
2853 3534 3074 3599 κενοῖς.
3123 3528 3279 3592 Eur.

821 3616 977 3679 Hoc.
1000 3617 1146 3678 488.
1178 3613 1236 3679 ῶ
1266 3614 1416 3689 Ζεῦ,
1444 3617 1502 3678 τί
1525 3617 1723 3692 λέξω,·
1755 3616 1991 3698 πότερά
2022 3615 2079 3678 σ’
2109 3616 2502 3698 ἀνθρώπους
2535 3618 2711 3700 ὁρᾶν,
2737 3614 2743 3704 Ι
2773 3621 2812 3700 ἢ
2845 3618 3040 3690 δόξαν
3067 3618 3281 3689 ἄλλως

820 3706 1007 3787 τήνδε
1052 3706 1400 3788 κεκτῆσθαι
1444 3706 1667 3788 μάτην,
1711 3705 1719 3787 Ι
1759 3706 1954 3787 τύχην
2004 3705 2072 3769 δὲ
2117 3706 2321 3768 πάντα
2366 3706 2479 3769 τάν
2522 3708 2774 3790 βροτοῖς
2821 3707 3215 3785 ἕπισκοπεῖν,·

1003 3795 1148 3878 506,
1198 3798 1253 3857 2.
1300 3792 1514 3877 ταῦτα]
1563 3794 1709 3877 Leg.
1756 3794 1921 3877 τῇδε.

1004 3884 1151 3965 515,
1200 3886 1256 3946 3.
1312 3884 1509 3965 λέγειν
1567 3921 1649 3929 -
1708 3882 2071 3967 εὐπρεπῶς]
2129 3882 2219 3948 Cf.
2277 3884 2502 3948 Aesoh.
2560 3886 2676 3968 Ag.
2727 3885 2873 3947 616.
2939 3886 3281 3969 εὐπρεπῶς

820 3972 1013 4055 λόγον
1061 4011 1170 4035 -.

1004 4063 1148 4125 516.
1195 4062 1604 4146 χρονισθεῒσ’]
1662 4063 1851 4145 Angl.
1899 4063 1976 4125 in
2023 4063 2228 4144 time,
2286 4063 2481 4126 after
2534 4083 2572 4125 a
2626 4064 2819 4128 time.
2899 4063 2987 4127 Of.
3045 4065 3279 4128 Aesch.

826 4152 939 4235 Ag.
993 4153 1136 4214 727.
1183 4152 1541 4234 χρονισθεὶς
1589 4152 1646 4215 δ’
1694 4152 2018 4225 ἀπέδειξεν
2064 4151 2231 4235 ἦθος
2275 4152 2552 4235 τρόπους
2596 4177 2661 4215 τε
2705 4154 2974 4236 τοκήων.
3155 4178 3278 4217 κα-

821 4240 1125 4324 θίσταται]
1176 4241 1292 4316 Ωιι.
1337 4243 1719 4323 μεθίσταται.

1004 4331 1148 4393 527.
1195 4337 1323 4400 τοῖς
1355 4330 1679 4415 ἀργοῦσιν]
1716 4330 1804 4394 Cf.
1839 4328 2022 4414 Soph.
2063 4331 2208 4411 780,
2233 4332 2289 4393 2.
2321 4331 2540 4413 χρόνῳ
2574 4331 2631 4394 δ’
2665 4333 2953 4415 ἀργῆσαν
2983 4334 3192 4415 ἤμυσε
3205 4335 3285 4413 (Ρ)

822 4421 1052 4502 στέγος.
1140 4418 1261 4483 Sed
1320 4425 1596 4502 praestat
1649 4420 1913 4484 fortasse
1967 4426 2094 4489 τοῖς
2150 4421 2447 4503 ἀργοῖσιν.
2523 4420 2674 4484 Eur.
2723 4420 2821 4484 Fr.
2871 4422 3019 4503 286,
3068 4422 3167 4484 13.
3227 4426 3295 4488 εἴ

818 4532 906 4580 τις
953 4508 1150 4592 ἀργὸς
1197 4511 1292 4574 ὢν
1337 4510 1512 4580 θεοῖς
1552 4509 1560 4592 Ι
1603 4511 1848 4593 εὔχοιτο
1894 4509 2002 4574 καὶ
2045 4510 2136 4592 μὴ
2185 4510 2342 4594 χειρὶ
2387 4511 2670 4592 συλλέγοι
2713 4511 2871 4595 βίον.
