3574 5423
777 385 901 449 102
1851 403 2143 448 nonnos

949 563 1032 629 II.
1082 566 1139 627 2.
1189 564 1290 627 29.
1347 563 1580 629 ‘Carne
1640 569 1883 645 tamen,
1948 582 2141 646 quam
2195 562 2321 644 viS,
2390 562 2581 626 distat
2633 562 2798 625 nihil
2851 562 2972 625 hac
3023 563 3229 646 magis

774 653 916 718 illa'
964 654 1228 738 corrigit
1273 651 1546 737 Madvig.
1593 653 1758 717 Adv,
1805 652 1855 715 I.
1909 652 2052 715 102.

949 742 1032 806 Π.
1082 745 1139 806 2.
1187 744 1290 807 47.
1339 742 1501 806 ‘erat
1547 780 1631 788 —
1677 760 1899 806 mensa
1929 742 2182 805 infamis
2196 741 2234 824 ’]
2283 741 2493 805 ‘erant
2527 778 2608 787 —
2641 759 2900 805 mensae
2931 740 3228 804 infames‘

772 833 835 896 Τ.
884 832 1307 897 Halbertsma.
1383 832 1595 896 Recte.

951 920 1032 985 Π.
1082 922 1139 984 2.
1191 923 1290 985 79.
1348 919 1574 1004 ‘affigit
1628 921 1823 984 humo
1880 920 2135 985 divinae
2192 920 2566 1003 particulam
2623 938 2817 983 aurae
2831 917 2870 1005 ’]
2935 916 3022 982 Cf.
3072 917 3227 982 Plat.

773 1011 1007 1076 Phaed.
1053 1031 1110 1094 p.
1152 1012 1236 1074 83
1270 1009 1345 1073 D.
1392 1009 1593 1118 nudem)
1642 1009 1750 1073 καὶ
1795 1010 1961 1092 λύπη
2011 1009 2230 1091 ὥσπερ
2277 1007 2432 1091 ἧλον
2478 1010 2713 1091 ἔχουσα
2761 1008 3079 1092 προσηλοῖ
3115 1008 3229 1091 τὴν

772 1100 991 1183 ψυχὴν
1036 1098 1200 1183 πρὸς
1244 1099 1315 1165 τὸ
1364 1104 1553 1181 σῶμα
1599 1098 1707 1163 καὶ
1751 1106 2183 1182 προσπερονᾷ.

951 1189 1033 1253 ΙΙ.
1084 1191 1141 1251 2.
1192 1190 1292 1253 92.
1340 1187 1504 1251 ‘Hos
1549 1189 1796 1252 utinam
1844 1190 2011 1252 inter
2055 1188 2279 1251 heroas
2318 1191 2542 1251 natum
2578 1187 2705 1273 —-']
2756 1185 2988 1251 Confer
3032 1186 3228 1269 Asty-

776 1277 1091 1343 damantis
1137 1277 1728 1359 νο111111,εἴῦ’ἐγὼ
1776 1277 1844 1341 ἓν
1888 1278 2115 1348 κείνοις
2162 1276 2452 1359 γενόμην.

950 1365 1753 1451 H.2.100.‘'‘magna]
1766 1385 1997 1450 magna
2043 1363 2135 1431 et’
2181 1366 2532 1430 Markland.

952 1456 1033 1520 ΙΙ.
1084 1458 1141 1519 2.
1195 1456 1338 1520 123.
1390 1456 1602 1540 ‘culpa
1649 1461 1865 1538 potare
1909 1455 2263 1541 magistra']
2312 1475 2502 1539 cupa
2550 1493 2629 1501 —
2681 1460 2850 1519 recte
2881 1455 3228 1519 BentleiuS.

773 1547 889 1610 Est
933 1551 1145 1609 autem
1193 1565 1381 1629 cupa
1436 1565 1473 1607 a
1527 1545 1721 1627 butt,
1777 1565 1815 1607 a
1869 1545 2062 1608 cask.
2141 1543 2508 1627 Cogitabam
2563 1545 2755 1609 etiam
2813 1545 2890 1609 de
2945 1545 3231 1607 mulcta

775 1635 999 1717 (Plaut.
1058 1634 1247 1699 Stich.
1295 1634 1372 1698 V.
1421 1636 1479 1697 4.
1527 1635 1630 1696 43.
1689 1634 1943 1718 ‘poculo
2000 1632 2451 1717 multabitur'),
2519 1639 2629 1697 aut
2690 1633 2902 1696 nullo
2968 1638 3231 1716 potare

771 1725 1163 1808 magist10‚
1210 1723 1322 1788 sed
1367 1724 1648 1787 maxime
1693 1723 1901 1807 placet
1946 1742 2148 1807 cupa.
2228 1722 2463 1788 Confer
2507 1728 2798 1787 nostrum
2844 1742 3136 1806 cooper.

952 1813 1034 1877 Π.
1084 1815 1142 1877 2.
1195 1814 1339 1876 125.
1386 1813 1772 1877 ‘contractae
1804 1813 1970 1877 seria
1997 1811 2277 1897 frontis']
2321 1811 2409 1876 Cf.
2443 1813 2594 1877 Eur.
2630 1812 2767 1876 Alc.
2803 1813 2948 1876 777.
2981 1820 3232 1894 στυγνῷ

771 1904 1111 1987 προσώπῳ
1156 1901 1264 1968 καὶ
1311 1902 1876 1985 ξυνωφρυωμένῳ.

950 1992 1032 2056 II.
1082 1994 1139 2054 2.
1192 1993 1335 2054 133.
1393 1989 1608 2054 ‘Nunc
1672 2011 1825 2074 ager
1876 1990 2193 2055 Umbreni
2256 1990 2376 2054 sub
2432 1992 2717 2073 nomine,
2782 2010 2988 2074 nuper
3043 1990 3231 2055 Ofelli

775 2080 1036 2165 dictus’]
1086 2079 1174 2144 Cf.
1213 2080 1482 2145 Luciani
1512 2081 1725 2164 Epigr.
1758 2079 1957 2164 ἀγρὸς
1978 2080 2416 2164 Ἆχαιμενίδου
2464 2080 2740 2164 γενόμην
2785 2080 2953 2152 ποτὲ,
2999 2086 3113 2144 νῦν
3160 2079 3232 2142 δὲ

773 2170 1136 2235 Μενίππου.

951 2260 1033 2324 II.
1085 2261 1140 2323 3.
1191 2260 1291 2322 21.
1339 2259 1518 2322 ‘olim
1568 2296 1654 2304 —
1701 2257 1897 2344 aere']
1948 2258 2036 2323 Cf.
2086 2260 2165 2322 ad
2211 2260 2440 2323 Aesch.
2486 2259 2586 2323 Fr.
2637 2260 2783 2322 224.

949 2347 1033 2413 Π.
1084 2351 1138 2412 3.
1189 2349 1291 2410 37.
1339 2349 1511 2413 (311111
1561 2349 1795 2413 vellem
1841 2349 2091 2414 mittere
2138 2353 2353 2432 operto
2408 2367 2511 2413 me
2559 2349 2763 2432 capite
2817 2349 2887 2411 in
2942 2347 3230 2433 flumen’]

775 2438 865 2504 Cf.
912 2437 1048 2502 Liv.
1080 2437 1191 2502 IV.
1230 2439 1327 2502 12.
1376 2437 1588 2501 ‘multi
1635 2458 1718 2503 ex
1763 2437 1949 2520 plebe
1996 2437 2310 2521 capitibus
2358 2437 2679 2502 obvolutis
2726 2457 2792 2502 se
2838 2439 2910 2501 in
2953 2436 3231 2501 Tiberim

772 2527 1396 2649 praecipitaverunt&

951 2618 1034 2681 II.
1084 2618 1139 2679 3.
1192 2618 1292 2680 72.
1344 2617 1553 2684 ‘malis
1598 2606 1910 2681 ridentem
1962 2615 2240 2699 alienis']
2289 2616 2392 2680 Ex
2437 2616 2626 2680 Hom.
2677 2616 2790 2681 Od.
2842 2617 2944 2698 20,
2982 2617 3127 2679 347.
3171 2618 3236 2680 οἱ

655 2684 672 2700 ⁸
776 2707 834 2776 δ’
882 2707 1008 2791 ἤδη
1058 2706 1398 2790 γναθμοῖσι
1455 2706 1716 2789 γελώων
1771 2706 2158 2789 ἀλλοτρίοισι.
2216 2706 2406 2771 Thuc.
2451 2706 2500 2771 Ι.
2553 2707 2651 2771 70.
2701 2706 2989 2789 σώμασιν
3045 2706 3231 2770 ἄλλο·

771 2799 1131 2881 τριωτάτοις
1184 2797 1346 2880 ὑπὲρ
1403 2803 1513 2879 τῆς
1566 2796 1818 2866 πόλεως
1871 2802 2167 2879 χρῶνται..
2228 2796 2421 2860 Isocr.
2477 2794 2712 2880 Paneg.
2765 2797 2846 2858 58
2880 2795 2953 2859 B.
3011 2796 3234 2878 ὥσπερ

772 2888 841 2951 ἐν
888 2887 1235 2969 ἀλλοτρίαις
1279 2892 1517 2967 ψυχαῖς
1560 2886 1891 2967 μέλλοντες
1935 2886 2337 2949 κινδυνεύειν.

950 2976 1032 3039 ΙΙ.
1085 2977 1139 3038 3.
1191 2976 1291 3038 94.
1350 2975 1585 3038 ‘omnis
1652 2976 1825 3038 enim
1890 2994 1991 3038 res
2051 3013 2130 3022 —
2188 2975 2427 3058 pulcris
2493 2975 2732 3040 divitiis
2796 2974 3080 3059 parent’]
3139 2974 3232 3039 Cf.

771 3065 970 3129 Arist.
1017 3064 1110 3128 Pl.
1165 3064 1307 3127 146.
1355 3064 1599 3127 ἅπαντα
1647 3072 1739 3145 τῷ
1784 3063 2072 3127 πλουτεῖν
2120 3063 2241 3147 γάρ
2289 3064 2425 3128 ἔσθ’
2473 3065 2747 3146 ὑπήκοα.

951 3152 1033 3216 ΙΙ.
1084 3154 1140 3215 3.
1195 3150 1886 3255 155.(ρ11831131*111111’]
1946 3152 2265 3217 Producta
2317 3152 2833 3237 antepenultima,
2895 3153 3063 3235 quod
3118 3173 3235 3217 no-

773 3242 1068 3306 tandum:
1129 3241 1527 3306 deminutiva
1576 3243 1749 3307 enim
1806 3243 2160 3325 111-άριον
2217 3244 2522 3307 exeuntia
2577 3244 2931 3327 corripiunt
2987 3243 3235 3326 Graeci,

773 3338 847 3397 ut
892 3333 1191 3415 οἰνάριον,
1240 3331 1532 3415 ὀψάριον,
1582 3338 1697 3396 etc.

950 3420 1033 3486 II.
1083 3423 1140 3483 3.
1193 3421 1336 3485 187.
1368 3421 1561 3485 Totus
1592 3422 1696 3484 hic
1725 3422 1906 3485 locus
1939 3421 2280 3485 translatus
2311 3427 2409 3486 est
2437 3442 2475 3485 a
2494 3420 2801 3505 Sophocle
2823 3423 2921 3505 Aj.
2948 3423 3117 3485 1058
3139 3442 3233 3504 sq.

948 3510 1030 3575 Π.
1080 3511 1136 3572 3.
1187 3510 2244 3595 201.,(1]1131·311111’]·(3111·311111’
2291 3515 2461 3576 recte
2508 3511 2690 3575 Both.
2770 3510 2858 3575 Cf.
2907 3511 2987 3576 II.
3038 3513 3094 3574 5.
3131 3513 3234 3574 78.

773 3600 878 3665 813
925 3601 1253 3682 ‘quassa'
1302 3620 1414 3683 pro
1462 3601 1729 3664 ‘cassa’
1777 3601 2030 3665 codices
2078 3600 2202 3665 Sat.
2251 3601 2332 3664 II.
2383 3600 2438 3663 5.
2490 3601 2589 3664 36.

949 3688 1030 3753 Π.
1083 3690 1139 3752 3.
1190 3690 1335 3752 213.
1370 3689 1556 3752 ‘vitio
1590 3690 1706 3753 tibi
1740 3709 1885 3753 cum
1920 3690 2239 3753 tumidum
2270 3695 2366 3754 est
2396 3709 2505 3754 cor
2519 3689 2556 3776 ']
2592 3689 2678 3754 Cf.
2700 3689 2979 3754 Hom.Il.
3007 3691 3062 3773 1,
3084 3691 3234 3755 642.

773 3779 929 3844 ἀλλά
975 3802 1087 3861 μοι
1134 3779 1446 3842 οἰδάνεται
1492 3779 1724 3862 κραδίη
1774 3780 1966 3861 χόλῳ.

950 3868 1031 3933 Π.
1084 3869 1140 3931 3.
1191 3870 1337 3931 216.
1386 3868 1694 3952 ‘putilla’J
1744 3869 1832 3932 Cf.
1881 3868 2085 3932 Plaut.
2135 3868 2315 3932 Asin.
2362 3868 2478 3933 III.
2529 3871 2585 3931 3.
2639 3869 2782 3932 103.
2841 3868 2989 3932 ‘Dic
3033 3870 3237 3953 igitur

771 3977 876 4021 me
922 3958 1385 4042 passerculum,
1431 3958 1777 4041 putillum'.

947 4047 1029 4110 ΙΙ.
1080 4049 1136 4109 3.
1187 4048 1332 4111 248.
1408 4048 1719 4129 ‘equitare
1784 4048 1852 4110 in
1924 4047 2237 4110 arundine
2301 4047 2554 4132 longa']
2632 4046 2722 4111 Cf.
2787 4046 3234 4113 Plutarch.,V.

773 4136 1000 4218 Pyrrh.
1055 4136 1153 4198 11.
1201 4135 1310 4201 τὸν
1357 4137 1650 4218 κάλαμον
1695 4138 2075 4220 περιβαίνειν
2120 4137 2341 4220 ὥσπερ
2379 4138 2588 4200 ἵππον.

946 4226 1030 4290 ΙΙ.
1080 4227 1137 4288 4.
1192 4225 1245 4289 1.
1295 4226 1513 4291 ‘Unde
1571 4230 1634 4290 et
1689 4245 1817 4307 quo
1868 4226 2185 4311 CatiusP']
2245 4223 2330 4289 Cf.
2379 4226 2537 4290 Plat.
2588 4224 2852 4289 Phaedr.
2900 4246 2952 4290 c.
2993 4228 3045 4287 l.
3091 4228 3237 4309 φίλε

780 4316 1047 4398 Φαῖδρε,
1094 4321 1214 4378 ποῖ
1254 4315 1331 4399 δὴ
1380 4315 1488 4379 καὶ
1532 4316 1772 4392 πόθεν,-

947 4404 1031 4468 Π.
1081 4406 1139 4466 4.
1190 4405 1291 4466 32.
1362 4405 1530 4468 Vera
1594 4404 2017 4487 proculdubio
2084 4411 2178 4469 est
2235 4404 2454 4488 Snapii
2520 4405 2906 4487 emendatiO,
2972 4404 3237 4469 ‘Murex

770 4494 1052 4558 Baianus
1083 4494 1337 4578 melior,
1365 4494 1646 4558 Lucrina
1673 4493 1910 4577 peloris
1926 4493 1956 4554 ’.
2006 4495 2213 4559 Causa
2241 4495 2633 4578 corruptelae
2665 4495 2868 4558 cuivis
2901 4493 3091 4558 obvia
3120 4501 3234 4559 est.
