3574 5423
760 416 841 478 78
1843 432 2112 478 soPflRON

935 593 1078 655 118.
1129 591 1240 662 δός
1284 616 1338 654 τι
1395 592 1501 655 καὶ
1557 591 1776 674 λάβοις
1830 590 1905 675 τι]
1963 590 2109 674 Leg.
2160 591 2271 661 δός
2315 615 2368 653 τι
2414 591 2526 653 καί
2564 614 2619 653 τι
2662 613 2747 654 κα
2795 590 3028 673 λάβοις.
3120 590 3208 655 Of.
3279 600 3286 604 “

753 681 910 745 Plat.
959 680 1228 745 Axioch.
1276 700 1333 763 p.
1369 681 1496 743 366
1532 679 1598 745 C.
1648 680 1759 751 δός
1807 705 1860 743 τι
1905 681 2013 743 καὶ
2057 679 2261 764 λάβοι’
2309 681 2369 761 (l.
2416 679 2652 762 λάβοις)
2700 680 2779 742 ἄν
2824 704 2892 742 τι.

937 771 1081 833 121.
1125 770 1339 854 μῶσο]
1390 769 1506 847 Ωιι.
1551 770 1734 853 μάεο.

937 860 1079 923 125.
1127 859 1350 923 Malim
1395 859 1526 941 τύγ’
1575 860 1731 923 ἐσσί·
1778 858 1971 923 νόσον
2016 860 2191 941 ἔχεις.

935 949 1078 1012 126.
1126 947 1226 1011 Ita
1280 946 1507 1030 Bailey
1555 946 1726 1011 Gom.
1785 948 1890 1011 Gr.
1948 947 2046 1011 Fr.
2094 967 2151 1030 p.
2197 949 2296 1011 93.
2355 949 2697 1064 συνεκρίθη
2754 948 2863 1011 καὶ
2920 948 3206 1031 διεκρίθη

752 1038 1084 1120 κάπῆνθεν
1131 1038 1288 1101 ὅθεν
1333 1035 1531 1120 ἦνθεν
1560 1038 1762 1110 πάλιν,
1800 1033 1807 1124 Ι
1844 1042 1926 1118 γᾶ
1968 1037 2088 1119 μὲν
2136 1038 2221 1107 εἷς
2268 1043 2403 1118 γᾶν,
2434 1036 2663 1119 πνεῦμ’
2695 1038 2853 1101 ἄνω.
2925 1038 2983 1100 τί
3006 1039 3211 1101 τῶνδε

752 1127 1062 1210 χαλεπόν,·
1109 1126 1262 1190 οῦδὲ
1307 1127 1391 1191 ἕν.

936 1217 1078 1280 127.
1127 1215 1322 1300 ζητεῖ]
1372 1218 1545 1290 ζατεῖ
1584 1172 2051 1281 Schneidewin.

938 1306 1081 1368 132.
1126 1306 1217 1388 μὴ
1271 1305 1356 1369 ’πὶ
1400 1311 1652 1389 μικροῖς
1698 1304 1889 1375 αὐτὸς
1934 1305 2126 1369 αὐτὸν
2158 1304 2494 1388 ὀξύθυμον
2528 1304 2796 1389 δείκνυε]
2848 1303 2961 1380 Ωιι.
2993 1305 3084 1389 μὴ
3124 1305 3208 1368 ’πὶ

751 1418 1081 1547 mmsis}
1115 1418 1405 1568 {QZ-Z]
1455 1441 1570 1561 οὲ.
1620 1484 1854 1566 ἀγαθά.

936 1574 1083 1656 137,
1133 1576 1188 1635 1.
1236 1573 1441 1657 φίλος]
1488 1573 1655 1637 Fort.
1704 1611 1791 1619 -—-
1836 1575 2105 1656 βροτῶν.

938 1664 1081 1727 138.
1129 1661 1245 1739 Ωιι.
1304 1662 1494 1726 οὐδὲν
1549 1668 1824 1745 γαμετᾶς
1877 1664 2124 1733 κλεινᾶς
2186 1665 2329 1746 (pro
2396 1664 2541 1745 γαίᾳ
2603 1664 2847 1747 κλεινᾷ)
2913 1663 3210 1745 γυναικὸς

753 1753 1123 1836 βαρύτερον.
1304 1752 1382 1816 V.
1432 1754 1489 1815 2.
1548 1751 1668 1816 οἵδ’
1726 1753 1763 1815 ὁ
1812 1751 2162 1835 συντυχὼν]
2221 1752 2339 1830 Ωιι.
2388 1750 2509 1815 οἵδ’
2557 1753 2886 1835 οὗντυχὼν
2931 1752 3050 1835 μὲν
3096 1791 3209 1815 -.

937 1843 1080 1926 139,
1132 1842 1186 1904 1.
1233 1849 1326 1924 τῷ
1369 1842 1500 1924 τρὶς
1544 1844 1616 1915 ἓξ
1659 1844 1700 1924 ἢ
1746 1848 1908 1925 τρεῖς
1938 1840 2203 1925 κύβους]
2255 1841 2342 1905 cf.
2385 1841 2680 1906 Pherecr.
2712 1841 2797 1906 II.
2832 1843 2978 1904 315.
3011 1845 3050 1924 ἢ
3081 1842 3212 1924 τρὶς

753 1933 865 2013 ἓξῆ
896 1937 1058 2013 τρεῖς
1088 1932 1292 2013 κύβοι.
1340 1931 1507 1995 Male
1528 1933 1782 1995 Ahrens
1812 1932 2054 2013 μόνους
2084 1950 2198 2014 pro
2230 1931 2473 2013 κύβους
2505 1932 2803 2014 reposuit.
2852 1931 2943 1995 Of.
2978 1931 3210 1995 Zenob.

753 2019 865 2084 IV.
914 2022 1017 2084 23.
1065 2023 1104 2103 ἢ
1151 2019 1280 2102 τρὶς
1325 2021 1397 2094 ἒξ
1441 2023 1480 2103 ἢ
1527 2026 1688 2102 τρεῖς
1733 2021 1939 2102 κύβοι.
1990 2025 2054 2084 et
2099 2020 2179 2083 ad
2224 2020 2417 2084 Arist.
2460 2019 2618 2084 Ran.
2656 2021 2844 2084 1400.
3025 2020 3102 2082 V.
3150 2022 3209 2083 4.

755 2111 813 2173 εἶ
855 2109 925 2173 δὲ
971 2108 1107 2193 καί]
1155 2108 1304 2192 Leg.
1352 2111 1421 2172 αἶ
1465 2110 1536 2173 δέ
1580 2132 1664 2172 κα
1715 2146 1825 2170 -.
2906 2165 2912 2172 .

938 2200 1080 2262 142.
1137 2197 1448 2282 οὓὸενῶν]
1506 2198 1624 2275 Ωιι.
1681 2197 1871 2262 οῦδὲν
1926 2200 2048 2272 ὢν,
2115 2199 2218 2263 vel
2274 2198 2426 2262 οὐδὲ
2480 2201 2548 2262 ἓν
2603 2199 2835 2269 καλῶς.
3025 2199 3102 2261 V.
3152 2200 3209 2260 3.

752 2289 840 2358 τίς
887 2287 1009 2372 γὰρ
1055 2288 1394 2370 κατόπτρῳ
1439 2286 1547 2350 καὶ
1590 2287 1816 2370 τυφλῷ
1859 2289 2160 2351 κοινωνία
2170 2287 2217 2371 ,·]
2267 2286 2487 2351 Scribe
2525 2288 2865 2371 κατόπτρω
2898 2294 2962 2353 et
2988 2288 3210 2370 τυφλῶ

754 2376 1003 2441 Dorice.
1082 2376 1170 2441 cf.
1217 2378 1412 2440 Arist.
1457 2376 1703 2441 Thesm.
1755 2378 1903 2441 140.
1979 2376 2078 2440 Ita
2124 2379 2315 2440 etiam
2359 2376 2551 2441 Mein.
2597 2377 2709 2439 IV.
2761 2380 2907 2441 553.

939 2467 1083 2529 145.
1129 2465 1590 2551 πεφυσημένοι]
1638 2467 2077 2549 πεφυσαμένοι
2124 2465 2586 2531 Schneidewin.

938 2557 1083 2638 147,
1133 2558 1188 2618 2.
1239 2555 1450 2641 αὐτός]
1497 2556 1636 2619 Imo
1684 2553 1871 2626 οὗτος
1918 2556 1975 2637 (ὁ
2021 2555 2215 2637 θεός).

938 2646 1081 2708 148.
1130 2647 1267 2709 αἰαῖ
1302 2644 1517 2730 τύχας]
1569 2644 1685 2722 Ωιι.
1733 2647 1792 2710 ὢ
1840 2644 1963 2730 (vel
2010 2646 2102 2726 αἲ)
2149 2651 2259 2717 τᾶς
2304 2645 2513 2729 τύχας.

938 2737 1082 2798 151.
1131 2734 1248 2811 Ωιι.
1295 2735 1593 2818 καθαρὸν
1640 2738 1790 2799 αἴκα
1837 2734 1945 2800 τὸν
1991 2735 2142 2799 νόον
2189 2736 2365 2820 ἔχῃς,
2413 2741 2542 2800 πᾶν
2587 2734 2659 2799 τὸ
2707 2738 2873 2819 σῶμ’
2921 2736 3053 2801 ἕσεῖ
3090 2759 3206 2799 κα-

752 2825 961 2908 θαρός
1006 2826 1167 2906 (coll.
1214 2826 1314 2889 Fr.
1365 2826 1467 2907 23,
1499 2827 1599 2908 4.).

939 2916 1083 2977 152.
1130 2914 1236 2999 ἔτι]
1287 2913 1403 2989 Ωιι.
1452 2916 1599 2997 ἔφυ,
1647 2915 1752 2978 vel
1799 2915 1986 2978 πέλει.

937 3005 1082 3067 166.
1126 3004 1235 3067 καὶ
1278 3010 1389 3074 τᾶς
1434 3004 1679 3074 κλεινᾶς
1723 3004 2071 3086 Συρακοῢς
2118 3004 2221 3086 (ad
2250 3010 2527 3068 mentem
2563 3003 2915 3083 Strabonis)
2948 3003 3210 3069 Schnei-

755 3094 983 3158 dewin.
1043 3113 1127 3157 ex
1182 3091 1390 3173 Etym.
1448 3092 1531 3156 M.
1583 3114 1641 3177 p.
1678 3094 1826 3176 736,
1860 3094 1961 3156 26.
2026 3094 2134 3157 καὶ
2196 3092 2307 3164 τὰς
2370 3093 2618 3164 κλεινὰς
2680 3094 3054 3177 Συρακοῦς;
3122 3131 3206 3139 —·

756 3183 1048 3266 ἀποβολῇ
1095 3184 1167 3246 ἐκ
1213 3188 1325 3245 τοῦ
1372 3181 1818 3265 Συρακούσας.

938 3272 1080 3335 167.
1128 3270 1575 3355 θωσούμεσιφ]
1626 3271 1742 3348 Ωιι.
1790 3272 2193 3354 θασώμεσθ’.

933 3362 1219 3443 Alicubi‚
1265 3362 1498 3425 θᾶττον
1554 3362 1590 3425 ὁ
1644 3360 1834 3432 τόκος
1882 3360 2273 3444 ἹΙρακλείτω
2328 3367 2420 3425 τῶ
2481 3361 2782 3444 Τεριναίω
2836 3363 3037 3445 τρέχει
3094 3360 3211 3425 Co-

754 3450 963 3534 betuS,
1021 3452 1159 3533 qui:
1209 3450 1364 3515 “Sat
1415 3456 1568 3514 nota
1623 3457 1718 3515 est
1772 3450 2283 3515 Crotoniatarum
2338 3452 2588 3515 colonia
2641 3453 2680 3534 ἡ
2734 3451 2983 3534 Τέρινα,
3041 3452 3210 3515 unde

755 3541 791 3604 ὁ
843 3540 1162 3623 Τεριναῖος
1207 3540 1515 3622 κόλπος”,
1562 3540 1704 3604 coll.
1754 3540 2008 3621 Scymn.
2057 3541 2302 3624 Perieg.
2354 3542 2499 3603 303.

933 3630 1217 3712 Alicubi‚
1270 3630 1432 3713 ἀνὴρ
1479 3629 1599 3713 γὰρ
1643 3630 1852 3699 οὐδείς
1899 3629 2062 3714 ἔσθ’]
2111 3630 2274 3713 ἀνὴρ
2321 3630 2685 3712 παροφθείς
2730 3630 2869 3694 ἔσθ’
2917 3629 3210 3714 Madvig„

754 3720 890 3782 coll.
938 3719 1102 3783 Plut.
1152 3720 1325 3783 Arat.
1385 3720 1486 3781 30.
1535 3719 1656 3801 γὰρ
1703 3720 1906 3802 ὤφθη
1956 3720 2313 3802 (παρώφθη
2363 3719 2678 3802 Madvig).

933 3808 1312 3892 Epicharmo
1358 3828 1619 3872 versum
1666 3808 1835 3892 apud
1883 3808 2072 3871 Arist.
2106 3808 2284 3871 Rhet.
2317 3809 2398 3871 II.
2435 3809 2536 3871 21.
2579 3809 2762 3890 ἀνδρὶ
2811 3808 2869 3872 δ’
2916 3809 3211 3891 ὑγιαίνειν

755 3898 1006 3979 ἄριστόν
1053 3900 1231 3971 ἔστιν,
1279 3898 1372 3968 ὥς
1419 3897 1475 3979 γ’
1531 3899 1683 3981 ἡμῖν
1739 3899 1900 3981 (ἐμὶν
1948 3897 2158 3979 Mein.)
2216 3899 2418 3971 δοκεῖ,
2476 3898 2799 3979 adjudicat
2854 3898 3211 3961 Meinekius

756 3986 852 4050 Fr.
903 3987 1075 4052 Com.
1122 3987 1204 4050 II.
1258 3988 1401 4051 169.

1747 4219 2220 4285 SOPHRON.

942 4346 1040 4408 10.
1086 4346 1215 4409 ὕπὸ
1261 4354 1355 4428 τῷ
1399 4343 1640 4428 χρόνῳ]
1689 4344 1827 4408 Imo
1874 4346 2003 4408 ὑπὸ
2048 4350 2140 4408 τῶ
2186 4345 2422 4428 χρόνω.

937 4437 1037 4497 24.
1088 4433 1203 4509 Ωιι.
1252 4436 1371 4519 οὐχ
1418 4436 1455 4498 ό
1505 4435 1674 4498 δεῖνα
1720 4459 1793 4497 τυ
1841 4435 2093 4517 ἕπύγιζε
2139 4436 2272 4515 (aut
2317 4435 2704 4514 ἐπιθάκιζε);

937 4524 1038 4586 36.
1087 4524 1306 4610 αὐτόν]
1356 4523 1471 4599 Ωιι.
1520 4524 1694 4606 αὐτᾷ.
