3574 5423
791 420 874 482 82
1127 438 1555 483 GALLIMAOHUS.
1644 438 2112 482 ARCHESTRA'I'US.
2205 437 2564 483 LYCOPHRON.
2656 438 2912 483 BABRIUS

1655 650 2374 716 GALLIM-ACHUS.

965 774 1105 841 Del.
1156 777 1301 839 192.
1347 776 1542 847 πόδες
1591 776 1661 841 δέ
1706 776 1768 841 οἱ
1813 776 1933 860 οὐχ
1968 775 2061 841 ἑνὶ
2089 776 2292 860 χώρῳ
2323 781 2538 841 tuetur
2567 776 2842 841 Karsten
2871 776 2952 840 ad
2983 777 3101 859 Ag.
3138 777 3239 840 71.

868 959 900 974 ..
967 867 1113 978 2195
1158 866 1451 950 τεθναίην
1499 865 1608 950 -]
1659 865 1747 930 Cf.
1780 865 2146 931 Mimnerm.
2199 867 2254 949 1,
2290 868 2347 928 2.
2394 867 2690 950 τεθναίην
2735 866 2837 930 ὅτε
2874 890 2988 949 μοι
3016 867 3240 949 μηκέτι

785 956 1314 1108 ταυταᾙαμνξλῗαῌ.
1363 1045 1465 1108 46.
1513 1042 1703 1108 πίνετ’
1751 1042 1881 1109 ἀπὸ
1928 1044 2196 1129 κρανᾶν]
2257 1043 2372 1120 Ωιι.
2429 1044 2568 1108 πῖθ’
2624 1043 2753 1108 ἀπὸ
2807 1050 2920 1109 τᾶν
2977 1050 3238 1128 κρανᾶν.

962 1132 1077 1216 Ep.
1123 1133 1172 1196 I.
1223 1135 1279 1197 5.
1327 1135 1386 1197 εἰ
1427 1133 1497 1197 δ’·
1533 1133 1669 1218 ἄγε]
1718 1133 1862 1218 Leg.
1910 1133 1983 1197 εἶ’
2030 1136 2158 1217 ἄγε.

1621 1419 2401 1486 ARCHESTRA'I'US.

962 1546 1192 1610 Athen.
1238 1545 1349 1609 IV.
1404 1547 1527 1609 135
1560 1548 1636 1611 A.
1693 1547 2014 1611 Φοινίκιον
2061 1549 2301 1629 (annon
2355 1543 2779 1626 Φοινικικὸνῗ)
2827 1546 3013 1628 ὄψον.

965 1636 1197 1699 Athen.
1245 1635 1390 1698 VII.
1440 1636 1567 1699 306
1590 1637 1665 1700 A.
1713 1637 1791 1699 V.
1837 1638 1893 1698 2.
1946 1638 2024 1700 ἂν
2078 1637 2196 1719 μὲν
2242 1634 2470 1706 λευκὸς
2515 1637 2585 1719 ἔῃ
2636 1635 2862 1717 (ἰδέειν)
2910 1673 2995 1680 -
3042 1633 3236 1697 Mein.

783 1722 853 1787 P.
885 1724 957 1788 E.
989 1725 1037 1788 Ι.
1073 1726 1175 1787 26.
1313 1725 1390 1787 V.
1426 1726 1481 1787 3.
1528 1725 1678 1807 βαιὰ
1726 1726 1933 1808 φύλλα
1981 1725 2283 1810 καθέντα]
2330 1725 2438 1788 καὶ
2483 1725 2689 1807 φύλλα
2724 1762 2807 1770 —-
2845 1724 3040 1789 Mein.
3118 1722 3236 1799 Ωιι.

783 1837 914 1877 τινα
963 1814 1142 1897 (τρία)
1189 1813 1395 1896 φύλλα
1445 1852 1556 1888 —-‚
1606 1821 1715 1879 aut
1759 1815 1943 1898 φύλλ’
1990 1816 2137 1878 ἄττα
2187 1853 2270 1860 —
2285 1864 2299 1878 .

962 1904 1192 1967 Athen.
1241 1902 1383 1966 VII.
1421 1905 1549 1967 314
1580 1903 1651 1966 Ε.
1696 1905 1907 1986 ξιφίου
1946 1905 2220 1987 τέμαχος
2258 1903 2611 1978 Βυζάντιον
2653 1903 3025 1983 (Βυζαντίου
3067 1908 3236 1966 recte
3365 1887 3370 1891 ⁸

781 1992 844 2055 T.
874 1991 1319 2071 Halbertsma).
1499 1993 1664 2076 πρὸς
1727 1995 1981 2077 ἄκραισι
2033 1993 2455 2077 Πελωριάδος
2515 1991 2884 2076 προχοαῖσι]
2944 2029 3026 2038 -
3073 2015 3235 2075 προ-

781 2080 1027 2163 βολαῖσι
1071 2080 1348 2165 Madvig.

1698 2330 2309 2398 LYOOPHRON.

964 2457 1155 2520 1177.
1201 2456 1708 2542 ταρβήσσουσαν]
1763 2458 2254 2541 ταρμύσσουσαν
2306 2463 2479 2522 recte
2533 2457 2740 2521 Bentl.
2788 2457 2867 2520 ad
2915 2456 3069 2520 Hor.
3117 2456 3234 2522 Od.

781 2545 830 2608 I'
881 2547 1361 2721 3'fiJdophron.
1419 2657 1514 2721 ap.
1574 2634 1743 2699 δῖοι).
1800 2656 1861 2720 p.
1911 2637 2055 2721 601,
2090 2637 2191 2698 36.
2248 2634 2381 2699 ἀλλ’
2437 2635 2622 2721 ἡνίκα
2677 2635 2820 2721 μὲν]
2879 2634 3011 2698 ἀλλ’
3068 2633 3233 2720 ἡνίκ’

662 2817 669 2825 ·
781 2728 861 2790 ἂν
903 2726 1024 2810 μὲν
1068 2726 1283 2791 Monk.
1330 2728 1410 2790 ad
1456 2727 1594 2791 Alc.
1644 2727 1790 2791 685.

1470 2993 1932 3059 ORACULA
1987 2993 2542 3059 SIBYLLINA.

960 3121 1061 3183 39.
1108 3119 1356 3203 ἠματίῳ
1401 3119 1682 3203 πίσυνος]
1715 3120 1942 3202 λήματι
1972 3117 2032 3203 ᾧ
2061 3119 2320 3190 πίσυνος
2353 3119 2567 3184 Cobet.
2656 3118 2974 3183 Palmaria
3020 3138 3234 3182 emen-

781 3209 966 3273 datio·
1045 3208 1134 3273 Cf.
1183 3210 1410 3273 Aesch.
1457 3209 1630 3273 Pers.
1681 3211 1782 3272 55.
1829 3209 2162 3293 τοξουλκῷ
2206 3210 2432 3293 λήματι
2477 3208 2751 3279 πιστούς.

1757 3512 2207 3579 BABRIUS.

961 3641 1015 3723 1,
1066 3640 1165 3703 11.
1214 3638 1495 3703 ἀλώπεκ’
1544 3640 1804 3723 ἐχθρῶν
1850 3639 2156 3721 ἀμπέλων
2211 3662 2275 3702 τε
2320 3637 2427 3701 καὶ
2472 3636 2725 3721 κήπων]
2785 3635 2900 3712 Ωιι.
2948 3634 3230 3699 ἀλώπεκ’

780 3728 1022 3811 ἐχθρὰν
1068 3729 1371 3811 ἀμπέλοις
1414 3753 1479 3792 τε
1523 3730 1632 3792 καὶ
1676 3730 1923 3811 κήποις.

962 3819 1019 3902 6,
1068 3820 1125 3880 2.
1175 3817 1391 3902 ζῴων]
1438 3817 1585 3902 Leg.
1633 3819 1882 3892 σώζων.

959 3908 1060 3989 12,
1112 3909 1210 3971 15.
1259 3931 1520 3990 εννυχος
1566 3906 1764 3991 στίβη]
1817 3905 1933 3983 Ωιι.
1981 3907 2252 3988 εὔυδρος
2297 3906 2463 3988 στίλη
2513 3907 2638 3989 (vel
2683 3905 2899 3988 λιβάς).

955 3998 1058 4059 26.
1106 3995 1350 4081 Epilog.
1396 4003 1528 4067 ταῖς
1574 4033 1661 4042 -
1708 3995 1988 4080 ὀδύναις]
2037 3995 2186 4079 Leg.
2234 3994 2344 4066 τὰς
2392 4033 2475 4041 ——
2524 3995 2784 4068 ὀδύνας,
2833 3998 2944 4057 aut
2987 3999 3097 4076 τῆς
3142 4029 3230 4037 —--

778 4084 1028 4168 ὀδύνης.

955 4178 1058 4259 28,
1109 4176 1208 4238 10.
1255 4175 1579 4259 ποιότητα]
1625 4175 1774 4259 Leg.
1822 4173 2097 4257 πιότητα.

957 4265 1058 4347 30,
1108 4265 1206 4327 10.
1253 4266 1323 4328 ἓν
1369 4264 1491 4348 γὰρ
1540 4264 1649 4349 -]
1696 4268 1736 4347 ἢ
1787 4264 1909 4348 γὰρ
1955 4264 2366 4327 Herwerden.

957 4355 1059 4437 34,
1109 4355 1147 4416 9
1180 4354 1252 4417 Β.
1284 4353 1357 4416 τὰ
1392 4353 1718 4437 σπλάγχνα
1753 4391 1837 4399 -
1867 4376 1999 4436 μου
2031 4352 2257 4436 πίπτει]
2293 4389 2376 4396 -
2408 4351 2785 4435 μοῦκπίπτει
2816 4350 3227 4415 Herwerden.

956 4445 1059 4524 58,
1107 4445 1166 4507 8.
1214 4442 1308 4513 ὡς
1353 4445 1432 4507 ἂν
1479 4442 1589 4527 -]
1638 4444 1736 4506 ἵνα
1786 4480 1870 4487 -
1918 4441 2328 4507 Herwerden.

953 4533 1057 4615 62,
1106 4533 1144 4594 9
1177 4531 1249 4595 Β.
1297 4533 1404 4595 ἅτε
1435 4532 1712 4596 σύνεστιν
1744 4531 2144 4616 ἀνθρώποις]
2190 4530 2316 4594 ἅττ’
2349 4532 2578 4597 ἔνεστιν
2609 4530 2982 4614 ἀνθρώποις
3014 4528 3229 4592 Cobet.
