3574 5423
1305 459 1313 470 .
1440 427 1728 475 rumam
2725 409 2806 472 15

534 592 681 654 414.
729 590 873 672 περὶ
918 591 1060 675 σοῦ]
1110 588 1225 665 Qu.
1273 592 1419 673 περί
1459 615 1588 654 του.

536 681 682 742 415.
731 679 904 764 ἐμοί]
956 679 1071 755 Qu.
1120 681 1265 762 ἐγώ.

533 769 681 833 417.
726 769 1041 853 μολίβδῳ]
1091 769 1442 850 Antiquam
1487 770 1757 831 formam
1813 768 2125 850 μολύβδῳ
2171 769 2317 849 jure
2362 769 2805 850 reponendum
2848 756 2863 770 ⁹

357 864 573 922 monet
617 857 1025 922 Herwerden.
1105 856 1191 921 Cf.
1244 859 1431 921 1105.
1481 859 1628 921 449.
1686 857 1992 920 Simonid.
2035 857 2133 920 Fr.
2179 859 2279 918 64.
2335 857 2511 939 παρὰ
2567 857 2807 940 χρυσὸν

358 947 566 1029 ἑφθὸν
611 948 679 1025 (l.
727 948 1049 1030 ἄπεφθον)
1097 948 1420 1031 ἀκήρατον
1467 947 1620 1010 οὐδὲ
1663 947 1995 1030 μόλυβδον
2042 948 2227 1028 ἔχων.

533 1037 682 1098 418.
727 1037 1092 1120 ὕπερτερίης
1140 1036 1198 1099 δ’
1246 1074 1332 1082 —
1377 1036 1588 1119 λόγος]
1638 1035 1752 1112 QU.
1801 1037 2166 1118 ὕπερτερίης
2211 1036 2263 1097 τ’
2312 1073 2422 1098 —-.
2500 1035 2809 1100 Mendosa

357 1127 513 1189 haec
560 1144 698 1189 esse
742 1127 858 1188 vix
905 1146 1064 1209 opus
1111 1132 1207 1190 est
1252 1131 1324 1189 ut
1369 1145 1681 1189 moneam.

533 1216 680 1278 419.
729 1214 867 1298 καί]
916 1215 1138 1278 Malim
1183 1239 1293 1278 τοι.

533 1306 679 1366 423.
726 1305 1177 1386 κατακείμενον
1224 1342 1310 1348 —
1356 1306 1638 1387 ἄμεινον]
1685 1302 1905 1366 Malim
1950 1303 2113 1366 πολὺ
2160 1305 2450 1386 κείμενον
2495 1342 2580 1350 -
2627 1305 2804 1387 ἄμει-

355 1418 484 1457 νον.
564 1393 652 1456 Cf.
702 1395 848 1456 393.

533 1484 680 1545 424.
738 1486 777 1564 ἢ
825 1483 896 1545 τὸ
951 1482 1188 1566 κακόν]
1245 1485 1284 1564 ἢ
1345 1481 1631 1546 ’ποτεθὲν
1685 1483 2095 1546 Herwerden.
2189 1482 2608 1547 Scribendum
2675 1487 2810 1607 erat

357 1572 578 1635 saltem
624 1572 812 1653 plene
859 1574 898 1653 ἢ
948 1572 1274 1634 ἀποτεθέν.
1455 1571 1741 1655 ἕξελθόν]
1792 1572 1880 1634 Of.
1930 1572 2076 1633 610.

534 1662 708 1722 428.
733 1667 913 1741 γαῖαν
944 1660 1377 1742 ἐφεσσάμενον
1413 1659 1517 1723 Br.
1553 1666 1615 1724 et
1644 1661 1735 1722 sic
1766 1659 1937 1724 Sext.
1970 1658 2206 1742 Empir.
2239 1660 2475 1743 Hypot.
2508 1660 2622 1724 III.
2662 1662 2804 1725 175.

358 1747 1247 1922 {220532323ffl333003222
1275 1748 1485 1903 Hffli
1548 1748 1791 1900 1136116
1812 1749 1968 1900 3253
2007 1747 2488 1901 δᾶωέῗῗάαῗ
2543 1749 2695 1830 168’
2747 1752 2805 1812 4

1254 1886 1267 1898 .
1489 1886 1501 1898 .
1608 1886 1620 1899 .
1759 1888 1772 1919 ,
1944 1887 1957 1898 .
2109 1887 2121 1898 .
2260 1888 2275 1920 ,
2442 1887 2456 1900 .

535 1929 682 1990 429.
731 1926 914 2010 ῥᾷον]
964 1925 1182 1991 Scribe
1230 1928 1404 2009 ρῇον.

533 2017 681 2079 440.
726 2016 835 2078 τὸν
892 2015 951 2078 δ’
1008 2017 1202 2079 αὐτοῦ
1258 2015 1440 2100 ἴδιον]
1497 2015 1664 2079 Fort.
1711 2022 1841 2080 τῶν
1898 2017 1955 2079 δ’
2011 2017 2205 2079 αὑτοῦ
2261 2018 2465 2090 ἰδίων,
2531 2017 2634 2080 vel
2678 2023 2807 2081 τῶν

360 2106 416 2168 δ’
463 2106 679 2168 αὖτοῖο
726 2110 999 2187 φρενῶν.
1079 2103 1165 2168 Of.
1212 2104 1407 2168 Arist.
1455 2104 1610 2168 Rau.
1666 2106 1807 2169 105.

533 2195 681 2256 442.
729 2195 893 2257 κούκ
942 2194 1236 2276 ἐπίδηλος
1282 2192 1486 2277 ὅμως]
1534 2195 1699 2257 κούκ
1748 2195 2069 2277 ἀποδηλοῖ
2108 2195 2276 2264 ὅλως
2308 2194 2608 2258 Schmidt.
2686 2194 2805 2270 Qu.

355 2284 467 2347 καί
506 2307 560 2346 τι
604 2284 711 2346 καὶ
758 2283 990 2346 ἐσθλὸν
1037 2285 1170 2363 (aut
1213 2284 1336 2346 κάν
1382 2284 1737 2365 ἀγαθοῖσιν)
1784 2285 1982 2366 ὁμῶς.
2164 2286 2333 2366 ἔχων
2363 2286 2440 2348 A.
2473 2285 2578 2348 Br.
2612 2284 2804 2368 Ziegl.

354 2373 518 2455 ἔχειν
561 2373 731 2455 vulg.
808 2373 1018 2436 Recte.
1199 2371 1404 2456 ὅμως]
1452 2373 1589 2437 11110
1636 2373 1836 2455 ὁμῶς.

533 2464 680 2524 445.
729 2462 862 2524 ἀλλ’
910 2461 1272 2557 ἐπιτολμᾶν]
1322 2459 1439 2535 QU.
1487 2463 1643 2525 ἀλλά
1696 2486 1750 2524 τι
1806 2466 1939 2541 (aut
1993 2464 2084 2541 σε)
2140 2463 2397 2544 τολμᾶν,
2456 2469 2566 2526 aut
2621 2464 2803 2546 ἐπέρ-

354 2575 596 2634 χονται,
645 2551 713 2614 σὲ
762 2550 831 2615 δὲ
875 2552 1130 2633 τολμᾶν.

534 2641 662 2703 449
696 2660 788 2722 sq
835 2641 1136 2724 ἄπεφθον
1181 2639 1422 2724 χρυσὸν
1470 2640 1578 2724 ——]
1628 2639 1715 2704 Of.
1765 2640 1891 2704 Cic.
1938 2640 2118 2703 Tusc.
2165 2640 2278 2703 IV.
2332 2641 2429 2703 14.
2481 2642 2639 2705 ‘Aes
2687 2641 2807 2705 Co-

357 2732 665 2794 rinthium
710 2732 956 2794 tardius
1003 2732 1076 2793 in
1120 2732 1489 2813 aeruginem
1536 2730 1800 2818 incidit)

533 2822 680 2882 453.
747 2821 804 2883 εἰ
863 2821 1125 2903 γνώμης
1188 2820 1406 2901 ἔλαχες
1466 2818 1696 2903 μέρος]
1771 2820 1945 2883 Η1110
2018 2820 2349 2902 discimus,
2433 2820 2805 2902 ubicunque

355 2909 684 2992 λαγχάνειν
750 2929 896 2972 011111
959 2909 1242 2992 genitivo
1308 2910 1723 2991 construitur,
1793 2909 2305 2974 subaudiendum
2370 2928 2508 2973 esse
2575 2912 2802 2992 μέρος;

358 3018 607 3082 semper
653 2999 824 3062 enim
875 3000 1306 3063 accusativum
1354 2999 1520 3081 regit
1563 2999 1722 3062 illud
1770 3000 2058 3063 verbum.

533 3090 680 3151 458.
730 3087 1802 3171 01.Τ110οΡ1111.οοη1.ΙΙΙ.628.οὐ
1836 3089 2168 3171 συμφέρον
2204 3090 2313 3151 νέα
2347 3086 2457 3151 ’στὶ
2486 3089 2804 3172 πρεσβύτῃ

358 3179 530 3261 γυνή.
583 3174 590 3265 Ι
641 3178 858 3258 ὥσπερ
907 3177 1027 3260 γὰρ
1075 3178 1308 3246 ἄκατος
1364 3177 1515 3240 οὐδὲ
1560 3177 1794 3260 μικρὸν
1839 3179 2118 3241 πείθεται
2168 3174 2175 3264 Ι
2226 3179 2316 3241 ἑνὶ
2360 3178 2679 3260 πηδαλίῳ,
2736 3178 2806 3240 τὸ

355 3267 563 3349 πεῖσμ’
612 3267 1030 3381 ἀπορρήξασα
1080 3267 1149 3329 δὲ
1201 3263 1208 3353 Ι
1260 3267 1330 3329 ἐκ
1378 3267 1605 3336 νυκτὸς
1650 3268 1862 3349 ἕτερον
1908 3266 2103 3349 λιμέν’
2151 3266 2362 3349 ἔχουσ’
2410 3268 2774 3350 ἐφηυρέθη.

534 3356 681 3420 461.
727 3357 817 3438 μή
866 3355 1006 3419 ποτ’
1055 3356 1154 3418 ἔπ’
1201 3357 1575 3438 ἀπρήκτοισι
1615 3357 1768 3419 νόον
1801 3356 1945 3439 σχὲς
1975 3356 2142 3439 μηδὲ
2187 3358 2446 3438 μενοίνα
2485 3352 2491 3441 Ι
2527 3358 2807 3439 χρήμασι

355 3451 483 3509 τῶν
547 3446 762 3515 ἄνυσις
827 3447 1051 3527 γίνεται
1116 3445 1381 3526 οὐδεμία
1448 3444 1513 3507 F.
1562 3444 1660 3507 W.
1710 3445 2011 3508 Schmidt.
2082 3445 2242 3508 Krit.
2295 3445 2472 3508 Stud.
2527 3443 2644 3508 III.
2705 3448 2804 3507 74.

356 3536 482 3598 Pro
529 3535 754 3616 λήματι
802 3555 904 3617 qu.
953 3535 1020 3597 ἐν
1065 3535 1265 3617 φρεσί.
1344 3589 1351 3596 .

533 3617 680 3686 467.
726 3624 973 3706 μηδένα
1005 3622 1218 3707 τῶνδ’]
1255 3620 1370 3697 QU.
1401 3623 1677 3706 μηδένα,
1706 3623 1930 3705 Κύρν’,
1966 3661 2069 3696 ——-‚
2117 3628 2228 3686 aut
2255 3624 2502 3705 μηδένα
2534 3629 2661 3686 τῶν
2694 3661 2805 3685 —.

532 3713 680 3775 469.
728 3712 941 3796 ἡμῶν]
992 3711 1107 3788 Qu.
1154 3712 1297 3794 ἤδη.

533 3803 682 3865 477.
730 3803 870 3885 ἥξω
920 3800 1001 3885 δ’]
1052 3803 1239 3882 δείξω
1288 3802 1346 3865 δ’
1394 3802 1562 3885 vulg.
1627 3801 1797 3886 Lege
1846 3801 2033 3874 δείξω
2080 3801 2166 3864 θ’.

533 3892 679 3955 479.
729 3889 815 3954 Of.
875 3892 1020 3954 839.
1078 3891 1231 3954 οὐδέ
1281 3916 1364 3974 με
1418 3893 1644 3961 πείσεις
1705 3888 1712 3978 Ι
1774 3892 1916 3955 οὔτε
1970 3915 2023 3952 τι
2075 3890 2166 3973 μὴ
2224 3892 2421 3953 πίνειν
2477 3892 2618 3953 οὔτε
2671 3891 2807 3973 λίην

525 4005 628 4044 ειν.

351 3983 678 4133 μεθυ480.
726 4077 835 4152 τῆς
881 4071 1077 4133 αὐτοῦ
1128 4070 1440 4154 γλώσσης]
1486 4071 1624 4134 Ι1110
1672 4077 1780 4154 τῆς
1829 4071 2023 4133 αὑτοῦ
2072 4070 2375 4152 γλώσσης.

533 4161 679 4224 485.
728 4159 863 4222 ἀλλ’
910 4162 949 4241 ἢ
997 4161 1144 4242 πρὶν
1189 4158 1476 4243 μεθύειν]
1523 4160 1661 4223 Imo
1710 4160 1866 4223 ἀλλὰ
1914 4160 2062 4242 πρὶν
2108 4162 2147 4241 ἢ
2195 4160 2474 4241 μεθύειν.

532 4250 679 4312 490.
726 4249 838 4331 τὴν
886 4249 944 4312 δ’
994 4250 1094 4312 ἐπὶ
1138 4249 1349 4331 χειρὸς
1395 4249 1576 4332 ἔχεις]
1622 4249 1735 4331 τὴν
1783 4249 1841 4311 δ’
1901 4250 2001 4311 ἐπὶ
2056 4249 2260 4331 χεῖλος
2315 4249 2510 4329 ἄγεις,
2567 4251 2679 4309 aut
2731 4254 2805 4330 τῇ

356 4340 414 4402 δ’
463 4340 563 4402 ἐπὶ
608 4338 811 4421 χεῖλος
857 4340 1015 4420 ἔχεις
1061 4337 1472 4402 Herwerden.
1559 4338 1727 4421 Lege
1771 4339 1885 4421 τὴν
1934 4337 1990 4400 δ’
2040 4339 2129 4401 ἐνὶ
2173 4337 2385 4420 χερσὶν
2440 4338 2613 4418 ἔχεις.
2692 4335 2808 4415 (Of.

352 4429 539 4493 Hom.
586 4428 667 4492 H.
717 4426 782 4490 C.
834 4429 934 4489 52.
987 4428 1170 4497 σέλας
1216 4429 1282 4491 ἒν
1328 4429 1634 4511 χείρεσσιν
1681 4429 1957 4509 ἔχουσα.)
2041 4429 2176 4489 Aut
2229 4426 2341 4509 τὴν
2398 4426 2455 4488 δ’
2513 4426 2601 4489 ἑνὶ
2651 4426 2808 4509 χειρὶ

353 4518 570 4604 (χερσὶ)
615 4517 838 4599 νέμεις.
