3574 5423
732 442 858 507 158
1597 465 1956 509 FRAGMENTA
2000 463 2311 509 sornocms

1347 639 1944 706 FRAGMENTA
2002 609 2553 707 SOPHOOLIS.

1202 762 1596 819 SECUNDUM
1640 764 2037 858 EDITIONEM
2083 764 2576 819 NAUOKIANAM
2622 765 2693 818 II.

907 890 1004 952 1.1.
1051 889 1123 954 τὸ
1169 891 1442 973 χρύσεον
1490 893 1560 956 δὲ
1604 898 1714 963 τᾶς
1761 892 1956 963 Δίκας
2004 930 2085 938 --
2136 892 2341 976 ὄμμα]
2392 891 2479 955 Of.
2529 893 2679 956 ΕΗΓ.
2727 892 2825 956 Fr.
2875 894 3025 956 486.
3075 894 3187 956 Δι-

722 980 1066 1050 καιοσύνας
1109 979 1180 1042 τὸ
1226 982 1498 1063 χρύσεον
1528 983 1898 1063 πρόσωπον.
1949 983 2179 1065 Adesp.
2214 983 2361 1045 421.
2396 983 2556 1045 ἔστιν
2588 981 2781 1065 Δίκης
2813 982 3188 1065 ὀφθαλμὸς,

723 1069 795 1138 ὃς
839 1068 913 1131 τὰ
960 1068 1159 1133 πάνθ’
1206 1070 1345 1151 ὁρᾷ.

906 1158 1003 1221 19.
1052 1158 1211 1221 κατὰ
1260 1159 1465 1243 ῥάχιν]
1515 1160 1603 1224 Of.
1651 1160 1836 1223 Eum.
1890 1161 2031 1223 190.
2081 1160 2210 1224 ὐπὸ
2258 1161 2442 1243 ῥάχιν
2487 1161 2802 1243 παγέντες.

903 1248 1004 1309 21.
1053 1248 1301 1332 ὅμοιος]
1350 1248 1467 1325 Qu.
1517 1249 1650 1319 οἷος
1696 1249 1949 1313 solus?

903 1339 1005 1400 22.
1055 1337 1145 1400 Cf.
1192 1337 1343 1401 Eur.
1390 1337 1578 1401 Hero.
1615 1340 1759 1402 510.
1809 1340 2028 1422 ὥσπερ
2074 1339 2306 1421 πτερὸν
2336 1338 2501 1420 πρὸς
2531 1339 2755 1420 αἰθέρ’.
2801 1338 2902 1404 Fr.
2940 1341 3091 1420 535,
3126 1342 3185 1402 3.

720 1427 1103 1509 τανυῳλοίου
1138 1426 1258 1508 γὰρ
1290 1429 1613 1510 ἰσαμέριος
1644 1429 2009 1510 (φύλλοισιν)
2042 1430 2320 1510 αἰγείρου
2350 1429 2568 1512 βιοτὰν
2598 1429 2958 1512 ἀποβάλλει.
2993 1430 3185 1493 Hom.

724 1515 838 1580 Od.
889 1516 1125 1596 7,106.
1174 1518 1401 1598 ἥμεναι
1448 1518 1549 1580 οἷά
1595 1541 1659 1580 τε
1704 1518 1911 1600 φύλλα
1957 1519 2282 1600 μακεδνῆς
2328 1519 2641 1600 αἰγείροιο.

903 1607 1005 1688 25,
1056 1606 1110 1667 1.
1158 1604 1321 1687 πρὸς
1366 1607 1550 1708 χάριν
1594 1631 1659 1669 τε
1703 1608 1826 1669 κού
1881 1607 2012 1718 βίᾳ]
2070 1607 2234 1689 πρὸς
2282 1646 2364 1653 -
2412 1608 2557 1690 βίαν
2611 1607 2825 1671 Herw.
2904 1607 3032 1670 Sed
3088 1608 3185 1670 di-

722 1693 998 1757 cendum
1043 1694 1292 1776 fuisset,
1341 1697 1410 1758 ni
1457 1696 1665 1777 fallor,
1711 1697 1834 1758 κού
1881 1696 2045 1778 πρὸς
2088 1698 2247 1779 βίαν.

902 1785 1003 1847 36.
1059 1784 1167 1847 καὶ
1221 1785 1479 1866 μακρὰς
1515 1784 1916 1868 Εὐρωπίας]
1983 1787 2061 1849 οὐ
2110 1785 2372 1867 μακρὰν
2425 1785 2778 1868 Εὐρωπίας
2819 1790 2828 1868 Ι
2869 1788 3189 1866 (ναίοντας

720 1874 893 1953 αἴας)
967 1877 1171 1937 tentat
1233 1873 1645 1938 Herwerden.
1743 1873 1859 1950 Qu.
1924 1899 2031 1937 και
2106 1878 2248 1955 (aut
2311 1876 2420 1955 οὐ)
2487 1876 2749 1959 μακρὰν
2811 1875 3187 1958 Εὐρωπίας.

811 1961 1183 2045 Εὐρωπίας]
1234 1961 1320 2026 Cf.
1368 1964 1502 2027 Ion.
1556 1964 1743 2026 1587.
1792 1964 1976 2026 πεδία
2035 2001 2118 2010 —-
2168 1964 2459 2034 Ἀσιάδος
2511 1989 2576 2028 τε
2624 1972 2739 2047 γῆς
2777 1964 2786 2048 Ι
2828 1964 3189 2045 Εὐρωπίας

719 2075 799 2114 τε.
847 2052 998 2116 ΕΗΓ.
1048 2051 1144 2115 Fr.
1196 2052 1340 2115 381.
1390 2053 1619 2135 σχεδὸν
1663 2052 1817 2135 παρ’
1865 2054 2076 2123 αὐτοῖς
2120 2054 2505 2136 κρασπέδοις
2550 2053 2918 2136 Εὐρωπίας.

902 2142 1003 2205 38.
1050 2140 1124 2204 τὰ
1172 2140 1411 2225 φαῦλα]
1458 2142 1568 2204 An
1605 2141 1685 2204 τὰ
1731 2142 2019 2223 μεγάλαΡ

903 2232 1006 2312 55,
1054 2232 1112 2293 4.
1159 2230 1325 2314 λίβα]
1374 2230 1420 2292 Ι.
1456 2252 1512 2314 q.
1562 2232 1863 2313 σπονδήν.
1942 2232 2031 2296 Cf.
2080 2231 2176 2294 Fr.
2223 2234 2322 2295 72.
2369 2233 2596 2295 Aesch.
2630 2233 2749 2316 Ag.
2784 2234 2931 2294 245.
2978 2234 3183 2314 τριτό-

721 2319 1019 2383 σπονδον.
1066 2319 1251 2383 Eum.
1303 2320 1446 2382 760.
1496 2318 1711 2403 Suppl.
1762 2322 1864 2383 27.
1912 2320 2094 2385 Pind.
2142 2321 2291 2384 Isth.
2326 2320 2400 2382 V.
2439 2324 2492 2384 7.
2542 2323 2633 2404 εἴη
2686 2322 2754 2384 δὲ
2798 2323 3003 2405 τρίτον
3050 2346 3184 2386 σω-

726 2415 864 2491 τῆρι
912 2448 994 2455 ——
1044 2410 1347 2472 σπένδειν.

902 2499 1002 2580 58,
1055 2501 1111 2561 2.
1161 2499 1282 2562 οὐκ
1329 2498 1603 2583 ἀκούετ’]
1652 2499 1996 2562 εἰσακούετ’
2045 2500 2372 2583 Gomperz.

901 2588 1002 2650 62.
1052 2589 1211 2670 ὄναρ
1257 2589 1609 2651 πνεύσαντα
1656 2587 1905 2670 νυκτὸς]
1954 2589 2241 2672 Legerim
2291 2589 2450 2671 ὄναρ
2499 2590 2774 2671 φανέντα
2821 2590 3065 2659 νυκτός.

900 2678 1002 2761 81,
1052 2680 1109 2741 3.
1156 2677 1635 2761 κατανικῶνται]
1683 2679 1848 2761 μέγα
1898 2683 2191 2742 νικῶνται
2222 2677 2635 2743 Herwerden.
2694 2678 2985 2743 Praestat
3013 2678 3183 2743 πολὺ

719 2790 1028 2831 νικωνται.

901 2859 1002 2939 84,
1055 2858 1107 2919 1.
1158 2856 1273 2932 Qu.
1322 2860 1400 2939 ἢν
1449 2857 1506 2919 δ’
1553 2856 1596 2939 ᾗ
1643 2857 1843 2927 νόθος
1886 2881 2001 2930 τις,
2051 2858 2321 2940 γνησίοις
2368 2859 2504 2920 ἴσον
2551 2858 2775 2921 σθένει.

900 2947 1002 3028 85,
1054 2949 1110 3009 8.
1160 2944 1255 3009 ὧν
1302 2947 1419 3027 ἐρᾷ
1446 2945 1673 3028 τυχεῖν]
1708 2947 1800 3010 Of.
1835 2945 2020 3029 Soph.
2055 2948 2152 3029 Aj.
2190 2947 2333 3010 967.
2381 2944 2476 3010 ὧν
2510 2945 2631 3028 γὰρ
2663 2948 2921 3030 ἠράσθη
2955 2954 3180 3030 τυχεῖν.

900 3035 1001 3116 85,
1054 3036 1152 3097 12.
1199 3035 1767 3116 κᾶποκρύπτεσθαι
1814 3035 2009 3118 κακά]
2058 3036 2299 3098 Eadem
2344 3035 2541 3098 verba
2586 3036 2733 3098 Eur.
2782 3035 2880 3099 Fr.
2930 3037 3080 3118 416,
3123 3039 3181 3098 2.

903 3123 1047 3198 101,
1100 3123 1153 3184 1.
1203 3123 1354 3186 οὐδὲ
1408 3124 1528 3204 μὲν
1581 3124 1862 3208 πικρῶς]
1929 3125 2083 3187 οὐδέ
2134 3149 2246 3206 μοι
2304 3162 2386 3170 —-
2444 3124 2619 3188 Pors.
2686 3124 2827 3188 οὐδ’
2892 3126 3045 3207 ἡμῖν
3097 3164 3179 3171 -

721 3209 962 3274 Nauck.
1039 3212 1186 3295 Ipse
1243 3213 1460 3274 malim
1519 3213 1658 3275 οὐδ’
1715 3215 1878 3296 ἄγαν
1933 3219 2196 3294 πικρῶς.
2392 3216 2448 3275 2.
2507 3214 2598 3277 Cf.
2647 3213 2915 3277 Philem.
2968 3216 3072 3294 93,
3124 3217 3182 3276 3.

721 3299 851 3362 οὔτ’
899 3302 985 3370 εἰς
1032 3302 1288 3384 ἔλεγχον
1335 3302 1524 3364 οὐδὲν
1570 3303 1782 3366 αὐτῶν
1814 3305 2073 3385 ἔρχεται.
2154 3351 2167 3363 .
2256 3304 2436 3384 γένος
2484 3340 2564 3348 -—
2615 3302 2802 3386 ἐξιὸν]
2838 3305 3062 3385 γένους
3095 3341 3183 3349 -

721 3389 908 3462 ἐξιὼν
954 3389 1168 3454 HerW.
1245 3391 1456 3454 Recte.
1641 3394 1696 3454 3.
1745 3391 2062 3474 κτήσαιτο]
2110 3393 2371 3475 κτήσαιο
2418 3397 2585 3455 recte
2632 3393 2818 3455 idem.

904 3478 1048 3563 103,
1098 3482 1154 3541 2.
1204 3480 1293 3543 Cf.
1328 3482 1562 3563 Adesp.
1598 3482 1698 3542 53.
1733 3483 1805 3543 οἵ
1838 3505 1930 3543 τοι
1975 3483 2139 3563 πέρα
2188 3483 2574 3563 στέρξαντες,
2623 3481 2782 3544 οἵδε
2827 3483 2941 3544 καί
2965 3483 3135 3562 πέρα
3173 3479 3180 3568 Ι

718 3590 1045 3720 μισουῧέ.
1092 3663 1221 3721 τῶν
1266 3663 1458 3740 τριῶν
1502 3659 1654 3739 μίαν
1700 3657 1935 3742 λαβεῖν]
1971 3660 2058 3723 Cf.
2094 3658 2191 3721 Fr.
2226 3661 2372 3722 822.
2404 3665 2533 3722 τῶν
2563 3664 2756 3742 τριῶν
2802 3662 2872 3723 ἓν
2903 3661 3185 3741 οἴσομαι.

780 3756 787 3763 ’
903 3746 1046 3810 123.
1094 3748 1450 3816 ναυστολεῖς
1477 3747 1710 3832 χθόνα]
1742 3748 1939 3810 Plene
1977 3748 2127 3810 ΕΗΓ.
2150 3748 2247 3810 Fr.
2274 3750 2417 3811 123.
2455 3747 2734 3831 Περσεὺς
2761 3748 2927 3830 πρὸς
2948 3750 3187 3831 Ἄργος

714 3836 1099 3900 ναυστολῶν.

905 3925 1048 4001 136,
1097 3928 1153 3988 2.
1202 3926 1406 4007 θῆλυς
1454 3925 1561 4009 ——]
1612 3924 1701 3989 Cf.
1732 3927 1829 3988 Tr.
1868 3926 2055 3989 1075.
2104 3932 2217 3989 νῦν
2266 3926 2324 3989 δ’
2373 3927 2444 3989 ἐκ
2490 3926 2775 3989 τοιούτου
2822 3926 3031 4009 θῆλυς
3079 3929 3185 3991 εὕ-

713 4036 925 4095 ρημαι
970 4016 1174 4085 τάλας.

902 4103 1047 4178 153,
1096 4107 1151 4166 3.
1200 4103 1410 4184 πάγου
1459 4104 1765 4184 φανέντος
1812 4103 2090 4186 αἰθρίου]
2140 4104 2228 4168 Cf.
2260 4106 2379 4187 Ag.
2417 4105 2561 4167 335.
2609 4108 2739 4167 τῶν
2782 4085 3190 4187 δυσαιθρίων

719 4191 961 4273 πάγων.
1111 4193 1169 4254 6.
1216 4191 1445 4275 χυμὸς]
1493 4192 1741 4274 κρυμὸς
1795 4199 1966 4257 recte
2012 4193 2203 4255 Mein.
2351 4193 2480 4256 οὔτ’
2538 4193 2955 4256 ἀποσπᾶσθαι
3012 4197 3192 4260 θέλει

723 4278 1048 4364 Gomperz.
1192 4282 1246 4343 7.
1294 4280 1528 4364 κτῆμα]
1562 4287 1786 4363 πῆγμα
1822 4282 2149 4365 Gomperz.
2289 4282 2346 4344 9.
2379 4280 2722 4365 προσίεται]
2757 4280 2873 4357 Qu.
2906 4286 3189 4367 προσέλ-

721 4391 915 4443 κεται,
963 4371 1066 4435 vel
1111 4371 1391 4453 προίεται
1439 4371 1736 4451 (urget).
1818 4369 1906 4432 Cf.
1955 4371 2261 4452 ἐφίεσθαι.

903 4460 1046 4523 156.
1097 4457 1498 4542 διχόστομον]
1545 4459 1593 4520 I.
1630 4478 1685 4538 q.
1736 4459 2013 4539 δίκρουν.
2063 4459 2267 4523 Schol.
2300 4459 2485 4523 Pind.
2518 4458 2593 4521 N.
2628 4459 2737 4522 VI.
2772 4461 2878 4522 85.
2910 4460 2985 4524 τὸ
3021 4463 3192 4547 δόρυ

719 4551 830 4608 τοῦ
868 4548 1201 4629 Αχιλλέως
1249 4548 1511 4629 δίκρουν
1557 4546 1636 4628 ἦν
1682 4547 1844 4609 ὥστε
1893 4548 2012 4610 δύο
2059 4549 2271 4630 ἀκμὰς
2316 4550 2494 4631 ἔχειν.
