3574 5423
771 399 856 462 24
1848 419 2135 464 mssooms

952 578 1140 640 1187.
1189 580 1356 647 οὔτις
1401 579 1630 642 ἄποινα
1689 577 1906 648 διδοὺς
1951 579 2231 642 θάνατον
2287 574 2511 662 φύγοι]
2569 580 2689 643 οὒκ
2745 581 2824 643 ἂν
2871 619 2955 626 -
3002 579 3218 645 Herm.

769 667 991 747 (“Non
1038 667 1268 749 male’',
1316 669 1550 746 Herw.)
1628 668 1849 731 Malim
1885 670 2049 738 οὔτις
2096 667 2304 731 ἄποιν’
2352 670 2430 731 ἂν
2478 668 2632 738 δοὺς
2666 707 2747 713 —-
2791 673 2877 749 (et
2921 670 3015 732 sic
3059 671 3220 734 Her-

684 798 689 803 ·
769 757 1071 837 werden),
1122 756 1224 820 vel
1271 758 1436 826 οὔτις
1482 758 1713 820 ἄποινά
1760 781 1835 820 κε
1883 757 2035 827 δοὺς
2083 796 2193 819 —.

951 845 1140 908 1190.
1185 846 1599 930 βουλόμενος]
1651 845 1765 921 Qu.
1817 847 2170 928 οὐλομένας
2217 846 2726 929 (δυσφροσύνας).

951 934 1137 996 1194.
1184 933 1256 997 τὸ
1303 935 1514 1018 ξύλον]
1579 943 1672 1017 τῷ
1718 938 1905 1009 ζῶντι
1970 937 2122 1017 (0111.
2170 938 2242 1017 ἢ)
2308 936 2696 999 Heimsoeth.
2760 945 2854 1018 τῷ
2918 936 2975 1000 δ’
3032 937 3219 1001 οὐδὲν

769 1024 1178 1087 Herwerden.
1243 1032 1336 1106 τῷ
1399 1018 1588 1096 ξύλον
1634 1028 1673 1106 ἢ
1724 1024 2003 1107 σκληρὸν
2067 1025 2329 1107 γίγνεται
2380 1027 2420 1107 ἢ
2466 1025 2792 1107 μαλακόν,·
2857 1023 3218 1090 Schneider.

769 1111 914 1195 Ipse
959 1114 1204 1195 corrigo
1252 1112 1359 1175 καὶ
1405 1113 1610 1186 ξύλον.

950 1202 1138 1264 1199.
1185 1202 1298 1264 καί
1336 1201 1471 1285 μοι]
1521 1201 1670 1265 Fort
1718 1204 1830 1265 καί
1855 1228 1994 1285 μευ.
2176 1203 2447 1286 κραδίην
2479 1203 2768 1287 ἐπάταξε]
2804 1204 2892 1267 Of.
2924 1204 3081 1267 Rau.
3118 1205 3218 1267 54.

766 1291 878 1372 τὴν
933 1291 1202 1373 καρδίαν
1257 1292 1525 1363 ἐπάταξε
1582 1291 1834 1372 (πόθος)
1889 1297 2033 1362 πῶς
2089 1294 2201 1355 οἴει
2256 1292 2528 1374 σφόδρα.
2594 1291 2781 1376 Soph.
2829 1293 2979 1356 Ant.
3031 1294 3218 1356 1097.

770 1380 883 1462 ἄτῃ
931 1380 1267 1443 πατάσσειν
1312 1381 1400 1443 θυ
1402 1405 1544 1463 μον

952 1488 1137 1550 1200.
1187 1488 1309 1549 ὅττι
1353 1486 1487 1569 μοι]
1547 1488 1662 1564 Qu.
1721 1488 1844 1550 ὅττι
1888 1488 2057 1570 μάλ’.
2239 1488 2560 1572 εὐανθεῖς]
2618 1489 2897 1558 εὖαλδεῖς
2951 1490 3216 1552 Hecker.

766 1577 941 1658 prob.
989 1575 1399 1639 Herwerden.
1476 1576 1657 1639 Idem
1701 1578 1837 1659 ipse
1884 1580 2292 1659 conjeceram.

1928 1682 2249 1709 ³³³³³

768 1772 1021 1853 (οἴμοις,
1069 1730 1318 1852 ύμνοις,
1366 1772 1659 1853 θρήνοις,
1708 1771 2004 1854 ἑλέγοιςΡ)
2040 1810 2122 1816 -
2171 1778 2372 1836 tentat
2398 1773 2806 1835 Herwerden.
2865 1774 2980 1850 Qu.
3015 1774 3220 1843 οὐδείς

766 1883 859 1922 τοι
904 1858 1069 1943 πρὸς
1115 1861 1275 1941 ἐμοῦ
1322 1861 1744 1924 κεκλαύσεται.
1882 1862 2247 1944 κεκλῄσεται
2295 1861 2877 1942 (celebrabitur)
2923 1862 3218 1926 Herwer-

770 1950 910 2011 den.
991 1948 1039 2011 F
1041 1955 1151 2012 ort.
1209 1948 1586 2031 κληΐσσεται,
1651 1951 1755 2012 vel
1810 1951 2231 2013 κεκλαύσεται.
2326 1949 2555 2014 Confer
2608 1950 2975 2014 Ennianum
3042 1952 3219 2033 illud,

767 2037 996 2100 ‘Nemo
1043 2058 1145 2102 me
1189 2039 1472 2101 lacrimis
1521 2039 1776 2102 decoret
1821 2059 1941 2102 nec
1986 2040 2212 2103 funera
2256 2039 2412 2103 fletu
2458 2039 2655 2102 faxit?

950 2145 1135 2207 1208.
1185 2145 1522 2228 ἀρπαλέος]
1572 2146 1688 2222 Qu.
1723 2146 2058 2229 ἀργαλέος,
2107 2152 2217 2209 aut
2247 2148 2462 2228 ἅρπαξ
2492 2146 2569 2220 εἷ,
2618 2152 2729 2210 aut
2759 2147 3066 2228 ἀργαλέος
3098 2147 3219 2229 γὰρ

769 2233 897 2296 ε’ὼν
945 2232 1002 2296 εἴ
1042 2233 1223 2315 φίλος
1269 2239 1381 2296 etc.

950 2340 1137 2402 1211.
1191 2341 1282 2422 μή
1339 2343 1407 2422 μ’
1464 2341 1753 2424 ἀφελῶς]
1818 2342 1909 2424 μὴ
1969 2343 2262 2424 ζαφελῶς
2329 2348 2531 2406 tentat
2584 2343 3007 2425 Herwerden,
3077 2343 3219 2406 coll.

768 2430 1164 2510 ἐπιζαφελῶς
1210 2429 1461 2509 (Ηο111..)
1538 2430 1703 2493 Fort.
1753 2431 2015 2513 ἀφίλως.
2913 2491 2916 2495 .

954 2518 1142 2580 1217.
1190 2519 1508 2602 κλαίοντα]
1559 2520 1674 2596 Qu.
1722 2520 2012 2583 κλαίοντι.

950 2607 1137 2670 1218.
1186 2607 1420 2691 αὐτῶν]
1468 2608 1606 2672 Imo
1654 2610 1883 2672 αὑτῶν.

950 2697 1136 2759 1219.
1185 2696 1424 2779 ἐχθρὸν
1452 2698 1572 2779 μὲν
1603 2697 1880 2781 χαλεπὸν
1911 2699 2017 2762 καὶ
2051 2699 2332 2782 δυσμενῆ
2365 2699 2888 2784 ἓξαπατῆσαι]-
2926 2701 3221 2771 δυσπετές

774 2786 894 2849 ἔστ’
943 2787 1256 2869 ἀπατῆσαι
1303 2786 1366 2848 F.
1414 2787 1515 2852 W.
1565 2787 1866 2852 Schmidt.
1947 2789 2062 2865 Qu.
2112 2789 2350 2872 ἐχθρὸν
2394 2789 2513 2872 μὲν
2557 2790 2835 2871 χαλεπόν
2880 2814 2973 2853 τοι
3020 2828 3131 2850 ——.

950 2877 1137 2939 1223.
1186 2875 1597 2961 ἀδικώτερον]
1647 2876 1866 2939 Malim
1914 2878 2282 2959 ἀλοώτερον.

948 2966 1136 3028 1224.
1184 2965 1385 3046 θυμῷ
1434 2965 1601 3028 δειλὰ
1648 2966 2062 3050 χαριζομένη]
2111 2968 2208 3030 Ita
2255 2966 2440 3050 Soph.
2489 2968 2584 3030 El.
2636 2968 2781 3030 331.
2838 2969 3041 3052 θυμῷ
3092 2991 3217 3051 μα-

769 3056 927 3136 ταίῳ
970 3054 1062 3136 μὴ
1110 3054 1482 3136 χαρίζεσθαι
1526 3055 1697 3117 κενά.

950 3144 1136 3204 1226.
1186 3142 1262 3205 σὺ
1312 3143 1369 3205 δ’
1419 3144 1585 3227 ἐμοί]
1634 3143 1920 3207 Praestat
1966 3144 2228 3209 fortasse
2277 3145 2353 3208 σὺ
2404 3145 2474 3208 δέ
2516 3169 2646 3228 μοι.
2728 3148 2828 3209 Ad
2862 3148 3035 3228 γίνου
3069 3147 3218 3210 sub-

767 3233 916 3295 audi
961 3233 1220 3314 μάρτυς.

949 3321 1137 3382 1239.
1184 3320 1475 3404 πολλάκι]
1526 3322 1641 3398 Qu.
1688 3321 1942 3386 πολλόν.

949 3410 1135 3471 1240.
1191 3410 1281 3492 μὴ
1342 3409 1542 3492 ξύνιε]
1602 3409 1719 3485 Qu.
1768 3412 1859 3494 μὴ
1914 3412 2090 3475 ’πάϊε
2170 3412 2468 3495 (Vulgata
2515 3433 2597 3476 ex
2653 3414 3030 3496 glossemate
3087 3420 3223 3477 orta

767 3499 1057 3577 videtur.)
1132 3499 1257 3561 Vel
1301 3499 1391 3581 μὴ
1444 3501 1648 3572 ξύνιει.

949 3588 1137 3660 1246.
1187 3587 1285 3650 ἐπ’
1336 3588 1645 3672 ἀλλήλοις]
1694 3591 1916 3652 Malim
1963 3591 2031 3653 ἐν
2077 3591 2379 3673 ἀλλήλοις.

949 3679 1136 3739 1247.
1185 3677 1291 3739 καὶ
1337 3678 1706 3761 ὑπέρβασιν]
1758 3680 1838 3743 δι’
1887 3681 2234 3762 ὑπέρβασιν
2279 3678 2690 3744 Herwerden.

950 3767 1419 3851 1249.·αὕτως]
1470 3768 1585 3844 QU.
1633 3766 1785 3831 αὖθ’
1834 3769 1952 3841 ὡς,
2002 3774 2115 3832 aut
2159 3770 2252 3839 ὥς
2296 3770 2383 3839 τίς
2428 3769 2496 3832 τ’.

948 3856 1135 3917 1257.
1194 3856 1557 3940 κινδύνοισι]
1614 3858 1891 3939 κίγκλοις
1947 3857 2004 3919 εἷ
2053 3857 2129 3920 σὺ
2179 3897 2263 3902 —
2310 3858 2539 3940 Bergk.
2579 3859 2685 3923 ed.
2735 3858 2814 3921 II.
2881 3860 3222 3943 κιλλύροισι

762 3943 835 4006 R.
869 3945 1053 4027 Ellis,
1112 3945 1250 4008 coll.
1299 3946 1610 4026 Hesychii
1675 3947 1884 4028 glossa
1957 3947 2247 4028 κίλλυρος
2314 3947 2781 4032 [κίλλουροςῗ]
2849 3951 3220 4031 σεισοπυγίς.

764 4033 928 4097 Fort.
977 4034 1317 4115 κίγκλοισιν
1364 4034 1440 4096 σὺ
1499 4037 1632 4116 (aut
1686 4035 2028 4117 κίγκλοισιν
2081 4037 2313 4117 πουλ.),
2372 4042 2483 4100 aut
2538 4039 2844 4111 οἰωνοῖσι,
2904 4043 3014 4100 aut
3066 4038 3219 4101 Φοι-

764 4125 1023 4197 νίκεσσι,
1081 4128 1191 4208 aut
1247 4123 1732 4196 ἀλωπεκιδεῦσι,
1801 4130 1911 4186 aut
1971 4132 2098 4194 τοῖς
2153 4127 2469 4208 κίγκλοισι.
2562 4127 2764 4190 Metro
2835 4128 3090 4209 quidem
3160 4133 3223 4191 et

765 4213 985 4277 sensui
1035 4211 1193 4275 bene
1242 4209 1613 4276 conveniret
1646 4212 2021 4276 Ἰουδαίοισι.
2101 4214 2189 4278 Of.
2227 4216 2371 4277 303.
2422 4217 2499 4278 οὐ
2549 4216 2648 4279 δεῖ
2685 4217 3017 4298 κιγκλίζειν
3063 4217 3219 4298 ἀγα-

764 4301 890 4364 θὸν
933 4303 1075 4385 βίον
1121 4301 1254 4364 ἀλλ’
1303 4302 1664 4383 ἀτρεμίζειν.

948 4409 1134 4470 1258.
1181 4415 1334 4471 τοῖσι
1366 4408 1587 4492 φιλεῖν]
1622 4407 1737 4483 Qu.
1769 4415 1898 4479 τοῖς
1929 4410 2110 4492 φίλος
2142 4409 2209 4473 εἷ.
2286 4411 2370 4474 Et
2415 4412 2508 4474 Sic
2538 4413 2765 4495 Bergk.
2841 4419 2970 4482 τοῖς
3002 4412 3219 4494 ἔφέπει

764 4496 931 4579 Mey.
980 4497 1119 4560 coll.
1173 4497 1339 4559 1071
1377 4517 1466 4579 sq.
