3574 5423
811 406 937 469 166
1616 415 1622 421 ’
1680 423 1980 467 Eunffmis
2026 423 2387 467 FRAGMENTA

991 584 1133 647 106.
1180 583 1464 665 κύματος
1494 582 1890 666 θεοσπόρου]
1931 580 2016 644 01.
2051 582 2278 646 Aesoh.
2311 580 2496 644 Eum.
2534 582 2678 644 665.
2713 582 2833 644 οὐκ
2880 583 3004 644 ἔστι
3049 583 3264 665 μήτηρ

807 675 846 756 ἡ
895 673 1251 755 κεκλημένη
1298 673 1523 735 τέκνου
1565 671 1574 752 Ι
1613 670 1863 744 τοκεὺς,
1909 670 2147 753 τροφὸς
2196 670 2265 733 δὲ
2311 673 2594 753 κύματος
2639 672 3015 753 νεοσπόρου.

991 763 1136 845 111,
1189 763 1241 824 1.
1291 768 1645 843 γυναικεῖον
1693 761 1925 845 γάμον]
1973 760 2119 844 Leg.
2169 766 2522 842 γυναικεῖον
2555 761 2750 841 γένος.
2891 763 2946 822 2.
2979 761 3261 843 τεθραμ-

806 850 1013 934 μέναι]
1061 850 1209 934 Leg.
1258 852 1753 932 φρουρούμεναι.

992 941 1132 1006 115.
1180 939 1503 1023 περίαλλα]
1554 939 1640 1003 01.
1691 939 1877 1022 Soph.
1929 940 2075 1021 224,
2110 940 2165 1000 3.

990 1030 1136 1107 118,
1182 1030 1241 1092 4.
1290 1030 1446 1111 γόου
1494 1028 1693 1110 κόρον
1739 1028 1974 1112 λαβεῖν]
2025 1028 2114 1092 Cf.
2163 1029 2299 1091 Alc.
2354 1029 2495 1090 183.
2545 1028 2677 1091 ἐπεὶ
2726 1028 2795 1091 δὲ
2841 1029 3097 1091 πολλῶν
3146 1029 3260 1091 δα-

808 1119 1032 1200 κρύων
1079 1117 1240 1201 εἶχεν
1286 1118 1501 1199 κόρον.
1550 1117 1785 1180 Phoen.
1841 1118 2028 1179 1739.

991 1208 1134 1290 120,
1186 1209 1241 1270 3.
1289 1208 1532 1288 πάτρας
1550 1206 1955 1289 ὑπερθανεῖν]
1977 1206 2123 1289 Leg.
2144 1208 2391 1288 πάτρας
2410 1209 2571 1289 ὕπερ
2590 1208 2826 1270 θανεῖν.
2876 1206 2964 1269 Of.
2979 1208 3058 1269 ad
3078 1228 3133 1269 V.
3161 1208 3262 1269 18.

990 1297 1133 1378 125,
1182 1298 1237 1358 3.
1286 1295 1519 1359 λαΐνων
1563 1295 1988 1379 τυκισμάτων]
2039 1295 2124 1358 01.
2172 1297 2358 1360 Here.
2396 1296 2583 1359 1096.
2630 1296 2794 1378 πρὸς
2840 1297 3264 1378 ἡμιθραύστῳ

806 1385 1003 1468 λαΐνῳ
1047 1388 1381 1467 τειχίσματι
1429 1386 1771 1467 (τυκίσματι
1818 1391 1987 1449 reete
2034 1385 2192 1463 Fix).

990 1475 1135 1537 131.
1183 1475 1529 1556 προτείνων
1577 1474 1797 1557 ἐλπίδ’]
1849 1476 2074 1538 Aesoh.
2124 1474 2332 1537 Prom.
2385 1476 2527 1536 777.
2575 1476 2923 1556 προτείνων
2970 1475 3216 1556 κέρδος.

993 1564 1138 1626 133.
1188 1562 1276 1626 Of.
1327 1562 1513 1646 Soph.
1547 1563 1645 1626 Fr.
1682 1564 1827 1626 345.
1860 1563 2064 1626 πόνου
2095 1564 2635 1646 μεταλλαχθέντος
2681 1565 2743 1627 οἱ
2781 1563 2968 1626 πόνοι
3001 1563 3262 1644 γλυκεῖς.

993 1654 1136 1736 136,
1186 1654 1241 1714 3.
1290 1654 1570 1735 εὐτυχῶς
1617 1652 2009 1736 συνεκπόνει]
2059 1653 2325 1735 εὐμενὴς
2366 1690 2450 1698 --
2500 1653 2574 1715 al.
2653 1652 2798 1736 Leg.
2833 1654 3115 1734 εὐμενῶς
3150 1690 3263 1713 —-.

899 1744 957 1805 4.
1025 1740 1121 1806 ῶν
1186 1742 1261 1806 σὺ
1330 1741 1720 1824 δημιουργὸς
1784 1741 1867 1825 εἴ]
1927 1741 2014 1804 01.
2070 1743 2256 1824 1059,
2294 1744 2347 1804 7.
2407 1741 2797 1824 δημιουργὸς
2852 1743 2946 1804 ῶν
2987 1742 2995 1824 Ι
3037 1747 3267 1804 κακῶν

805 1833 1131 1914 μεγίστων.

993 1922 1134 1984 137.
1182 1926 1311 1984 τῶν
1359 1921 1480 2002 γὰρ
1527 1920 1845 2005 πλούτων]
1895 1875 1984 1983 01.
2034 1921 2191 1983 Plat.
2228 1920 2415 2002 Gorg.
2455 1922 2576 1984 167
2615 1919 2678 1983 0.
2726 1921 3145 2003 ἠμφιεσμένοι
3178 1959 3264 1965 —

811 2013 958 2094 γένη
1007 2011 1114 2073 καὶ
1159 2011 1487 2079 πλούτους.
1569 2009 1810 2073 Cratini
1857 2010 1982 2072 fuit
2026 2010 2243 2072 fabula
2286 2009 2585 2073 Πλοῦτοι.

991 2101 1135 2181 142,
1186 2102 1241 2162 3.
1288 2106 1498 2182 χρεῖος
1544 2098 1661 2182 ὢν]
1710 2099 2036 2181 Egenus.
2116 2097 2202 2160 01.
2253 2100 2480 2163 Aeseh.
2529 2097 2743 2182 Suppl.
2779 2099 2924 2161 202.
2972 2100 3267 2180 μέμνησο

814 2189 873 2251 δ’
923 2191 1132 2252 εἴκειν·
1180 2195 1389 2271 χρεῖος
1436 2188 1493 2251 εἷ
1534 2190 1678 2270 ξένη
1727 2189 1953 2270 φυγάς.
2002 2189 2236 2271 Adesp.
2290 2189 2432 2249 159.
2482 2188 2643 2270 ἀνὴρ
2691 2189 2755 2257 ές
2802 2188 2991 2250 οὐδὲν
3036 2194 3267 2269 χρεῖος.

993 2279 1137 2358 144,
1185 2281 1242 2341 4.
1294 2276 1380 2339 Cf.
1429 2277 1564 2360 Iph.
1613 2277 1688 2339 A.
1742 2279 1886 2340 331.
1934 2277 2042 2341 τὸν
2099 2277 2255 2359 έμὸν
2304 2276 2482 2341 οἷκον
2531 2279 2652 2340 οὐκ
2714 2278 2822 2358 ἒᾷς
2869 2279 3060 2340 οἰκεῖν
3117 2277 3268 2358 ἕμέ,·

810 2367 1048 2431 Phoen.
1099 2367 1244 2428 602.
1293 2366 1421 2448 ἐγὼ
1472 2365 1592 2448 γὰρ
1638 2366 1747 2429 τὸν
1795 2366 1951 2448 ἐμὸν
1998 2368 2241 2449 οἰκήσω
2292 2367 2513 2449 δόμον.

819 2512 823 2516 .
992 2457 1136 2539 146,
1188 2457 1240 2518 1.
1288 2457 1615 2538 ποιμένων
1663 2493 1745 2500 ——
1795 2454 1979 2537 λεώς]
2030 2455 2132 2519 Sic
2163 2457 2516 2537 ποιμαίνειν
2549 2455 2828 2537 στρατὸν.
2968 2456 3023 2515 3.
3058 2455 3265 2536 ἀμπέ-

807 2546 939 2609 λων
988 2545 1202 2629 γάνος]
1251 2545 1472 2608 Malim
1519 2545 1808 2627 ἀμπέλου
1859 2547 2065 2626 γάνος.
2146 2545 2236 2608 01.
2283 2545 2514 2609 Aesoh.
2562 2544 2735 2608 Pers.
2787 2545 2931 2606 615.

896 2634 1116 2698 πόνων
1172 2634 1594 2718 ἀναψυκτῆρ’]
1655 2633 1745 2697 01.
1794 2634 1935 2697 Η61.
1990 2636 2176 2698 1094.
2226 2635 2559 2717 ἀνάψυξον
2603 2633 2825 2697 πόνων
2872 2634 3269 2715 (transitive).

991 2726 1137 2807 152,
1189 2729 1244 2787 2.
1291 2724 1465 2806 μοῖρ’
1515 2725 1609 2787 ἀεὶ
1657 2725 2032 2806 διεξέρχεται
2076 2724 2149 2786 R.
2197 2724 2372 2787 ElliS.

992 2816 1137 2895 162,
1187 2817 1242 2877 2.
1291 2812 1676 2896 ἀφύλακτος]
1725 2815 2052 2895 ἄπρακτος
2098 2812 2339 2877 Nauck.
2419 2813 2533 2890 Ωιι.
2580 2814 2862 2895 μάταιος.
2989 2814 3067 2892 Α4.
3115 2810 3268 2896 Leg.

809 2907 887 2986 ἣν
936 2903 993 2966 δ’
1041 2906 1119 2966 ἂν
1164 2910 1474 2986 προσῆται
1519 2903 1752 2984 κύπριν
1799 2903 2016 2984 ἡδίστη
2065 2904 2292 2986 λαβεῖν.

992 2994 1135 3075 163,
1188 2993 1240 3055 1.
1291 2991 1525 3073 ἀνδρὸς
1571 2992 1758 3073 φίλου
1821 2992 1912 3076 δὲ]
1971 2992 2205 3074 ἀνδρὸς
2264 2992 2332 3055 δὲ
2389 2993 2640 3074 φαύλου
2700 2992 3026 3074 Gomperz.
3092 2992 3266 3054 ἀνω-

809 3081 1007 3163 φελὴς
1055 3082 1123 3144 δὲ
1155 3082 1220 3144 F.
1253 3079 1354 3143 W.
1390 3081 1690 3143 Schmidt.
1725 3087 1789 3145 et
1821 3082 2046 3161 (deleto
2080 3103 2137 3144 v,
2170 3103 2350 3165 prox,
2383 3101 2530 3144 cum
2562 3080 2818 3161 Weilio)
2850 3080 3266 3144 Herwerden.

809 3170 1151 3253 Vulgatam
1197 3189 1329 3232 non
1377 3190 1593 3233 sanam
1639 3170 1903 3252 putabat
1947 3171 2189 3234 Nauck.
2268 3171 2581 3251 Praestat,
2630 3172 2880 3253 opinor,
2927 3169 3162 3251 ἀνδρὸς
3195 3171 3269 3233 δὲ

809 3259 1059 3341 φαύλου
1109 3259 1502 3341 (Gomperz.).
1583 3259 1673 3322 01.
1721 3259 1821 3321 Fr.
1858 3261 2006 3343 212,
2041 3263 2095 3322 2.
2145 3261 2202 3322 τί
2246 3262 2345 3323 δεῖ
2383 3261 2582 3405 καλῆς
2622 3260 2633 3341 Ι
2674 3259 2999 3341 γυναικὸς,
3046 3262 3126 3341 ἢν
3170 3259 3265 3341 μὴ

807 3348 918 3418 τὰς
963 3350 1203 3431 φρένας
1248 3348 1522 3431 χρηστὰς
1569 3351 1700 3431 ε’χῃ.

992 3439 1134 3521 170,
1185 3440 1240 3499 2.
1300 3437 1390 3500 01.
1447 3437 1770 3502 Demosth.
1819 3459 1876 3521 p.
1928 3439 2072 3501 780.
2133 3439 2312 3521 δίκης
2367 3439 2474 3501 καὶ
2529 3439 2825 3520 εὐνομίας
2883 3438 2990 3501 καὶ
3045 3438 3269 3508 αἰδοῦς

807 3527 958 3590 εἰσὶν
1005 3528 1379 3609 ἀνθρώποις
1424 3528 1665 3609 βωμοὶ,
1716 3529 1777 3590 οἰ
1819 3528 1939 3610 μὲν
1985 3529 2296 3591 κάλλιστοι
2342 3528 2449 3591 καὶ
2496 3529 2827 3609 ἁγιώτατοι
2874 3528 2941 3590 ἒν
2987 3528 3144 3610 αὐτῇ
3189 3534 3269 3610 τῇ

807 3623 989 3699 ψυχῇ
1037 3618 1304 3680 εκάστου
1353 3617 1461 3679 καὶ
1503 3624 1579 3700 τῇ
1626 3617 1828 3699 φύσει.
3013 3645 3018 3650 ·

991 3706 1134 3789 173,
1189 3707 1241 3768 1.
1291 3706 1544 3790 οἰκεῖος]
1606 3706 2006 3788 οἰκτρότατος
2065 3706 2391 3789 Gomperz.
2472 3705 2587 3781 Ωιι.
2648 3705 2898 3787 οἰκτρὸς
2956 3705 3103 3788 γὰρ,
3161 3706 3269 3769 vel

808 3795 1110 3905 εμφυλος.
1178 3793 1266 3858 01.
1301 3796 1397 3858 Fr.
1434 3796 1579 3857 965.
1612 3797 1876 3877 χαλεποὶ
1907 3796 2173 3878 πόλεμοι
2206 3796 2327 3878 γὰρ
2360 3797 2675 3878 ἀδελφῶν.
2724 3796 2961 3859 Herod.
2995 3794 3172 3856 VIII.
3209 3797 3267 3856 3.

809 3885 1017 3953 στάσις
1074 3883 1195 3966 γὰρ
1252 3886 1536 3966 ε’μφυλος
1588 3885 1874 3967 πολέμου
1932 3886 2446 3967 ὁμοφρονέοντος
2499 3885 2783 3966 τοσούτῳ
2838 3885 3085 3947 κακίων
3142 3885 3269 3947 ἐστὶ

808 3974 945 4055 ὅσῳ
990 3973 1270 4055 πόλεμος
1317 3975 1582 4056 εἰρήνης.

990 4064 1136 4143 187,
1188 4064 1241 4125 1.
1308 4063 1470 4145 ἀνὴρ
1531 4063 1652 4145 γὰρ
1709 4063 1875 4132 ὅστις
1941 4063 2058 4147 -—]
2123 4064 2418 4127 Imitatur
2473 4062 2770 4147 Diphilus
2822 4063 2922 4145 73,
2957 4065 3012 4124 7.
3196 4064 3269 4126 εὐ

805 4153 947 4234 βίον
993 4151 1402 4235 κεκτημένος]
1451 4151 1606 4235 Leg.
1643 4153 1752 4222 τάς
1797 4153 1939 4234 βίον
1988 4190 2095 4213 -.

992 4241 1135 4303 190.
1186 4240 1274 4303 01.
1322 4241 1511 4304 Hom.
1559 4241 1631 4303 Il.
1685 4243 1787 4322 11,
1822 4243 1965 4305 673.
2018 4241 2179 4325 ῥύσι’
2229 4243 2665 4324 ἐλαυνόμενος.

993 4331 1136 4393 195.
1186 4330 1277 4394 01.
1310 4331 1537 4394 Aesoh.
1573 4331 1681 4394 Oh.
1720 4332 1863 4393 127.
1912 4331 2018 4393 καὶ
2063 4331 2131 4393 Γ
2121 4337 2264 4394 αῖαν
2295 4332 2508 4414 αὐτὴν,
2541 4335 2580 4414 ἢ
2614 4331 2687 4394 τὰ
2721 4331 2924 4394 πάντα
2960 4330 3223 4393 τίκτεται

809 4420 1115 4503 θρέψασά
1160 4418 1211 4481 τ’
1260 4417 1448 4490 αὐθις
1491 4421 1694 4484 τῶνδε
1739 4427 1915 4503 κῦμα
1964 4421 2283 4503 λαμβάνει.

996 4509 1140 4574 197.
1189 4509 1445 4593 εὐκρας]
1496 4508 1587 4574 01.
1638 4511 1782 4595 504,
1822 4512 1877 4573 2.
1924 4511 2064 4593 βίος
2114 4547 2195 4555 --
2245 4511 2494 4593 εὐκρας.
