3574 5423
1301 389 1535 435 TRAolcl
1581 389 1837 434 mom
2661 371 2784 433 177

1112 600 1511 666 TRAGICI
1565 598 2014 666 MINORES.

1312 781 1828 845 Aristarchus.

523 907 579 988 1,
626 908 684 969 4.
732 908 817 977 εἷς
862 911 1052 969 ταῦτα
1101 904 1583 989 γιγνώσκουσιν]
1629 910 1884 968 τοιαῦτα
1935 942 2017 951 -
2065 909 2237 969 recte
2283 902 2691 968 Herwerden.

523 998 576 1078 1,
627 997 682 1059 5.
728 1003 821 1078 τῷ
883 994 1079 1077 λέγειν
1142 994 1519 1078 ὑπερφέρει]
1587 994 1676 1058 Of.
1734 994 1964 1059 Aesch.
2016 995 2117 1077 99,
2165 994 2263 1057 18.
2329 994 2792 1078 ὑπερφέροντες

342 1085 596 1167 ἀλκίμῳ
643 1085 869 1148 σθένει.

521 1175 576 1236 3.
625 1172 1070 1256 σωφρόνισμα]
1119 1173 1264 1257 Leg.
1314 1174 1735 1256 σωφρονιστά.
1816 1171 1902 1237 Cf.
1951 1173 2181 1237 Aesch.
2228 1172 2442 1258 Suppl.
2494 1174 2636 1236 992.
2684 1173 2792 1237 καὶ

340 1270 528 1326 ταῦτα
575 1264 694 1346 μὲν
742 1263 1072 1346 γράψεσθε
1117 1262 1281 1346 πρὸς
1322 1262 1330 1347 Ι
1371 1263 1688 1326 πολλοῖσιν
1736 1262 1947 1332 ἄλλοις
1977 1263 2500 1346 σωφρονίσμασιν
2535 1263 2790 1346 πατρός.

1353 1457 1777 1541 Neophron.

524 1585 581 1666 3,
633 1585 687 1646 1.
735 1584 1031 1665 αἰσχίστῳ
1076 1583 1291 1667 μόρῳ]
1323 1581 1587 1664 Legitur
1617 1583 1807 1645 etiam
1841 1580 2026 1665 Soph.
2068 1584 2160 1665 Aj.
2199 1584 2387 1648 1059.
2466 1585 2557 1649 Of.
2592 1584 2793 1648 Simo-

341 1670 762 1755 nid.'Amorg.
801 1673 856 1753 1,
893 1673 991 1735 18.
1024 1674 1085 1734 οἱ
1132 1672 1189 1735 δ’
1238 1672 1517 1754 ἀγχόνην
1563 1673 1812 1753 ἅψαντο
1861 1671 2152 1754 δυστήνῳ
2197 1672 2404 1757 μόρῳ.
2545 1676 2601 1737 2.
2633 1676 2788 1758 βρο-

341 1761 877 1935 ἔζέἕέὶνάγχόνην
922 1762 1271 1831 ἐπισπάσας
1319 1759 1495 1844 δέρῃ]
1545 1761 1632 1824 Of.
1680 1760 1831 1824 Eur.
1863 1760 2052 1845 Hipp.
2090 1763 2232 1825 783.
2281 1763 2351 1836 ἐξ
2395 1763 2795 1827 ἐπισπαστῶν

1491 1975 1643 2038 Ion.

528 2102 626 2184 18,
675 2102 732 2162 2.
777 2099 1094 2169 Βοιωτίας
1139 2105 1254 2182 γῆς
1301 2098 1584 2181 ἐκτεμὼν
1631 2100 1936 2182 ἐχώρισεν
1980 2098 2052 2162 R.
2099 2100 2278 2164 Ellis.

526 2190 628 2273 20,
677 2192 733 2252 2.
779 2187 1261 2272 μεσομφάλους]
1310 2188 1406 2252 Sc.
1439 2188 1687 2271 φιάλας.
1737 2188 1826 2252 Of.
1859 2190 2236 2274 Theopomp.
2269 2210 2427 2254 com.
2464 2191 2520 2253 5.
2551 2191 2792 2274 μεσόμ-

345 2281 551 2364 φαλον
598 2280 845 2362 φιάλην.

526 2370 627 2433 21.
685 2368 1000 2432 ἐνιαυσίαν
1056 2367 1176 2451 γὰρ
1231 2367 1343 2451 τὴν
1397 2366 1623 2451 ἑορτὴν
1680 2368 1781 2431 δεῖ
1826 2367 1896 2450 μ’
1953 2369 2124 2450 ἄγειν
2179 2368 2371 2433 Mein.
2447 2369 2669 2454 Recte,
2724 2374 2798 2433 ut

347 2460 626 2523 videtur:
686 2459 798 2522 sed
843 2477 957 2540 pro
1003 2457 1116 2540 τὴν
1170 2458 1390 2520 malim
1442 2456 1634 2539 τήνδ’.
1710 2458 1932 2521 Ionica
1984 2459 2187 2522 forma
2242 2464 2339 2523 est
2391 2459 2572 2542 ὁρτὴ,
2632 2478 2796 2541 quae

345 2567 478 2612 non
525 2547 679 2610 alibi
724 2547 958 2630 legitur
1001 2546 1071 2609 in
1117 2546 1456 2630 tragoedia.

526 2638 627 2699 24.
682 2636 1028 2720 βακκάρεις
1081 2659 1145 2698 τε
1199 2635 1307 2699 καὶ
1359 2634 1567 2721 μύρα]
1634 2635 1722 2700 Of.
1772 2636 1854 2700 ad
1899 2637 2127 2700 Aesch.
2176 2636 2273 2700 Fr.
2327 2638 2425 2701 14.
2492 2637 2795 2702 Simonid.

347 2730 604 2810 Amorg.
654 2726 751 2788 16.
807 2725 1203 2808 κήλειφόμην
1255 2725 1512 2808 μύροισι
1570 2763 1653 2771 -
1709 2726 1819 2789 καὶ
1870 2727 2150 2810 βακκάρι
2204 2727 2275 2806 (l.
2329 2728 2665 2811 βακκάρει,
2722 2730 2796 2792 cf.

345 2817 578 2881 Achae.
633 2816 752 2896 10.)
801 2815 1120 2896 Aristoph.
1171 2815 1316 2898 319,
1350 2817 1406 2876 2.
1453 2821 1566 2878 τοῦ
1612 2815 1828 2899 μύρου
1873 2815 1982 2879 καὶ
2025 2816 2436 2900 βακκάριδος.
2689 2813 2693 2819 ’

529 2907 631 2969 25.
678 2903 948 2988 στίμμιν]
1000 2903 1088 2967 Cf.
1136 2903 1399 2988 Antiph.
1453 2905 1596 2968 189.

528 2996 630 3076 36,
679 2996 735 3056 2.
784 2994 874 3058 cf.
923 2992 1107 3078 Soph.
1158 2994 1303 3057 286.
1350 2992 1574 3078 Eupol.
1621 2994 1703 3058 H.
1751 2995 1900 3057 471.
1948 2995 2162 3060 Aleae.
2198 2997 2344 3058 824.
2391 2997 2623 3061 Athen.
2654 2995 2796 3059 VH.

350 3086 474 3147 317
512 3085 578 3148 F.
634 3082 1045 3166 Θεόφραστος
1101 3083 1171 3146 δὲ
1217 3084 1285 3147 ἐν
1336 3092 1430 3166 τῷ
1483 3084 1627 3167 περὶ
1679 3089 1809 3147 τῶν
1862 3085 2383 3169 μεταβαλλόντων
2436 3084 2546 3156 τὰς
2600 3085 2800 3168 χρόας

345 3173 456 3236 τὸν
500 3173 878 3236 πουλύποδά
924 3196 1080 3255 φησι
1123 3179 1251 3243 τοῖς
1280 3174 1628 3256 πετρώδεσι
1656 3174 1922 3256 μάλιστα
1954 3175 2170 3245 τόποις
2202 3176 2795 3257 συνεξομοιοῦσθαι,

348 3268 533 3324 τοῦτο
579 3268 879 3324 ποιοῦντα
926 3262 1120 3343 φόβῳ
1165 3262 1272 3325 καὶ
1318 3263 1610 3346 φυλακῆς
1655 3264 1854 3345 χάριν.

529 3351 631 3413 40.
697 3349 1159 3432 θαμνομήκης]
1224 3351 1675 3433 ’θαμνότμητος
1753 3352 2148 3431 (fruticeto
2223 3355 2511 3433 excisa)
2585 3351 2799 3417 Herw.

349 3440 595 3503 Verum
642 3438 897 3502 videtur
939 3439 1159 3520 θαμνο
1208 3476 1319 3511 —-,
1367 3440 1592 3502 vitium
1637 3440 1790 3503 latet
1833 3441 1904 3502 in
1946 3441 2176 3524 μήκης.

530 3529 633 3591 47.
680 3526 1006 3610 πυργείαν]
1057 3526 1174 3602 Qu,
1222 3529 1536 3610 πυργήρη.

533 3620 633 3701 63,
681 3619 737 3678 2.
788 3614 874 3680 Cf.
907 3618 1023 3700 Ag.
1059 3618 1203 3679 341.
1252 3618 1419 3699 ἔρως
1467 3617 1536 3681 δὲ
1580 3619 1672 3700 μή
1718 3642 1808 3687 τις
1852 3618 2163 3701 πρότερον
2201 3620 2470 3703 ἐμπίπτῃ
2511 3628 2758 3703 στρατῷ
2789 3618 2795 3707 Ι

350 3708 618 3791 πορθεῖν
670 3744 776 3767 -.
825 3706 1012 3769 Thuc.
1062 3706 1171 3769 VI.
1223 3708 1323 3768 24.
1373 3707 1538 3789 ἔρως
1585 3708 1835 3770 ἐνέπεσε
1879 3714 2007 3778 τοῖς
2052 3713 2240 3772 πᾶσιν
2287 3709 2636 3773 ἐκπλεῦσαι.

1400 3903 1767 3968 Achaeus.

531 4032 589 4092 4.
638 4026 753 4104 Qu.
803 4028 966 4111 ἅδην
1013 4028 1069 4091 δ’
1118 4029 1307 4110 ἐλαίῳ
1353 4031 1487 4109 (aut
1531 4029 1741 4092 ἐλαίου
1789 4027 1859 4107 ’ς)
1907 4029 2128 4111 στέρνα
2163 4065 2246 4076 --
2279 4030 2577 4113 χρίουσιν.
2655 4032 2802 4096 Usi-

353 4123 485 4182 tata
530 4119 915 4182 constructio
963 4123 1059 4181 est
1102 4118 1294 4201 χρίειν
1339 4118 1399 4181 τί
1436 4142 1564 4181 τινι.
1643 4118 1732 4183 Of.
1780 4117 1931 4182 Eur.
1979 4116 2121 4181 Hel.
2164 4120 2308 4182 626.
2357 4119 2519 4202 ἅδην
2564 4120 2803 4190 πόνους

353 4213 662 4291 παρεῖχες.
708 4206 843 4270 Ion.
895 4208 1039 4270 975.
1086 4208 1401 4290 πημάτων
1446 4208 1610 4290 ἄδην
1655 4209 1804 4290 ἔχω.
1861 4208 2088 4273 Aesch.
2135 4208 2238 4272 Pr.
2290 4210 2434 4272 585.
2481 4209 2645 4291 ἄδην
2688 4234 2801 4293 με-

353 4296 582 4360 πλάναι
630 4297 1073 4378 γεγυμνάκασι.

537 4386 635 4449 10.
700 4387 1011 4470 βακκάρει
1084 4385 1452 4469 χρισθέντα]
1530 4384 1617 4450 Of.
1684 4384 1893 4469 Magn.
1951 4405 2108 4450 com.
2156 4385 2237 4449 ΙΙ.
2291 4387 2388 4450 10.
2461 4387 2804 4470 βακκάριδι

352 4476 741 4559 κεχριμένον.

2404 4583 2485 4647 12
