3574 5423
816 387 944 449 164
1684 370 2042 450 FRAGMENTA
2087 405 2400 450 sopnocus

992 565 1140 627 834.
1187 565 1563 647 ἀμνήμονος
1624 563 1741 648 -]
1810 563 1896 627 Cf.
1951 563 2122 647 Tyrt.
2174 566 2230 645 7,
2280 565 2377 625 14.
2442 564 2836 645 τρεσσάντων
2893 562 2950 626 δ’
3006 564 3270 646 ἀνδρῶν

811 653 963 718 πᾶσ’
1011 653 1294 718 ἀπόλωλ’
1341 655 1545 737 ἀρετή.
1599 653 1822 718 Aesoh.
1854 654 1974 736 Ag.
2007 654 2155 716 418.
2204 653 2517 736 ὀμμάτων
2564 652 2622 716 δ’
2670 653 2738 716 ἐν
2769 653 3054 735 ἀχηνίαις
3099 654 3269 735 ἔρρει

811 742 962 807 πᾶσ’
1000 743 1358 826 Ἀφροδίτα.

992 833 1141 910 843,
1191 833 1245 894 1.
1324 831 1648 916 οἰνωθεὶς]
1721 831 1811 896 Cf.
1877 829 2065 914 Soph.
2118 830 2215 895 Tr.
2280 831 2427 893 268.
2504 829 2668 914 ἡνίκ’
2744 829 2824 913 ἦν
2899 832 3267 914 ᾠνωμένος.

905 923 962 983 3.
997 922 1288 1003 γλῶσσαν
1335 920 1580 1005 ἐκχέας]
1630 920 1720 985 Cf.
1766 920 1995 985 Aesoh.
2043 922 2161 1004 Ag.
2211 921 2356 983 989.

993 1012 1140 1091 849,
1189 1012 1245 1073 2.
1292 1010 1583 1093 κλῇθρον
1629 1009 1752 1093 γὰρ
1800 1009 1989 1073 οὐδὲν
2043 1007 2164 1073 ὧδ’
2220 1011 2301 1073 ἂν
2355 1009 2626 1091 εὐπαγὲς
2681 1006 2823 1089 (ὧδ’
2880 1015 2944 1073 et
2997 1009 3268 1091 εὐπαγὲς

815 1099 1053 1180 Cobet.)
1121 1099 1339 1182 λάβοις
1381 1100 1388 1183 Ι
1431 1099 1746 1183 γλώσσης,
1813 1105 2132 1182 κρυφαῖον
2196 1098 2387 1162 οὐδὲν
2442 1096 2520 1161 οὗ
2579 1099 2882 1181 διέρχεται
2939 1097 3269 1182 Gomperz,

814 1188 955 1253 ooll.
1004 1187 1189 1271 Soph.
1235 1187 1332 1251 Tr.
1385 1191 1529 1252 717.
1592 1188 1770 1272 Trag.
1821 1188 2030 1272 adesp.
2082 1190 2183 1271 72,
2220 1190 2274 1250 1.
2352 1188 2644 1271 γλώσσης
2697 1188 2776 1250 δι’
2823 1185 2901 1251 οὗ
2948 1194 3269 1271 κρυφαῖον

814 1278 1079 1361 (poterat
1124 1277 1351 1341 melius
1396 1276 1809 1361 κεκρυμμέν’)
1862 1278 1939 1341 οὗ
1988 1277 2291 1360 διέρχεται
2338 1275 2553 1341 Cobet.
2610 1277 2777 1351 olim.
2857 1277 3002 1362 Ipse
3045 1278 3269 1341 malim

816 1404 898 1412 —
949 1366 1238 1449 γλώσσης
1285 1365 1365 1429 δι’
1412 1368 1489 1430 οὐ
1536 1373 1857 1450 κρυφαῖον
1904 1366 2093 1430 οὐδὲν
2147 1367 2405 1449 ἔρχεται.

994 1456 1140 1518 851.
1196 1454 1343 1539 Leg.
1398 1462 1590 1520 τοῖσιν
1654 1457 1965 1540 ἐγχώρων
2027 1456 2535 1536 (incolarum).
2615 1455 2702 1519 Of.
2758 1455 2987 1520 Incert.
3034 1457 3266 1520 Athen.

816 1545 957 1609 VII.
994 1546 1074 1607 37
1103 1547 1179 1609 A.
1210 1552 1403 1609 τοῖσιν
1434 1545 1822 1628 ἐφαρμόζειν
1853 1545 2243 1629 (ἐφαρμόζευ
2257 1545 2309 1626 P)
2340 1551 2470 1608 τῶν
2500 1569 2611 1608 κεν
2640 1544 2800 1607 κατὰ
2836 1545 3045 1628 δῆμον
3076 1546 3267 1628 ἵκηαι.
3404 1639 3419 1650 α

994 1635 1140 1697 852.
1186 1635 1445 1698 πολλῶν
1489 1634 1732 1719 καλῶν]
1779 1634 1927 1718 Leg.
1973 1636 2231 1698 πολλῶν
2275 1634 2511 1698 πόνων.
2591 1633 2679 1698 of.
2727 1633 2878 1698 Eur.
2925 1634 3023 1698 Fr.
3075 1636 3221 1697 134.

994 1724 1140 1787 853.
1190 1729 1440 1806 γνῶμαι
1488 1722 1596 1807 —]
1655 1723 1744 1787 Cf.
1795 1723 1942 1787 Eur.
1990 1723 2088 1786 Fr.
2139 1724 2285 1786 205.
2351 1723 2558 1806 σοφὸν
2622 1722 2744 1806 γὰρ
2807 1724 2878 1786 ἓν
2939 1724 3268 1806 βούλευμα

813 1812 923 1883 τὰς
976 1812 1215 1883 πολλὰς
1258 1814 1452 1895 χέρας
1491 1811 1499 1896 Ι
1540 1820 1701 1895 νικᾷ.
1789 1812 2023 1877 Contra
2068 1812 2166 1875 Fr.
2216 1813 2363 1875 201.
2431 1811 2506 1877 τὰ
2562 1813 2903 1895 πράγματα
2945 1813 2954 1895 Ι
2992 1815 3269 1896 κρείσσω

813 1903 1057 1985 νομίζω
1103 1907 1233 1966 τῶν
1277 1902 1489 1984 λόγων
1535 1902 1635 1965 ἀεί
1673 1925 1842 1965 ποτε.

993 1991 1139 2054 854.
1188 1992 1246 2055 εἶ
1285 1997 1476 2073 σῶμα
1525 1990 1773 2065 δοῦλον,
1823 1991 1932 2076 -]
1982 1991 2070 2056 of.
2111 1991 2263 2055 Eur.
2297 1990 2396 2054 Fr.
2435 1991 2578 2072 105,
2617 1992 2670 2053 1.
2717 1992 2776 2054 εἷ
2814 1997 2942 2061 τοῖς
2988 1992 3056 2055 ἐν
3103 1993 3269 2074 οἴκῳ

814 2081 1131 2164 χρήμασιν
1176 2080 1585 2162 λελείμμεθα,
1628 2079 1637 2163 Ι
1679 2082 1717 2164 ἡ
1769 2080 1828 2144 δ’
1875 2082 2151 2162 εὐγένεια
2197 2080 2305 2143 καὶ
2348 2080 2420 2143 τὸ
2469 2087 2754 2162 γενναῖον
2798 2082 2990 2162 μένει.

994 2170 1141 2252 855,
1192 2172 1246 2232 7.
1312 2170 1657 2254 ἐντήκεται]
1723 2168 1873 2253 Leg.
1939 2171 2336 2234 ἇνθάπτεται.
2433 2168 2522 2233 Cf.
2587 2168 2738 2232 Eur.
2796 2167 2961 2233 Med.
3024 2170 3125 2232 54.
3190 2170 3268 2232 τὰ

817 2258 1142 2322 δεσποτῶν
1187 2264 1411 2329 κακῶς
1454 2260 1743 2323 πίτνοντα
1777 2297 1862 2304 -
1895 2264 2153 2342 φρενῶν
2183 2259 2566 2322 ἀνθάπτεται
2613 2261 2927 2342 (χρηστῶν
2976 2259 3270 2342 δούλων).

902 2347 1310 2432 πνευμόνων]
1360 2347 1448 2411 Of.
1498 2369 1554 2410 V.
1599 2349 1697 2411 15.
1745 2353 1810 2413 et
1854 2348 2033 2412 Phot.
2080 2349 2467 2430 πλευμονίαν
2511 2348 2731 2411 νόσον;
2780 2348 2894 2431 τὴν
2940 2349 3272 2432 ἐρωτικήν.

817 2434 902 2500 Of.
951 2434 1140 2521 Soph.
1187 2437 1287 2501 Fr.
1338 2438 1482 2521 790,
1524 2438 1578 2499 1.
1627 2435 1685 2501 ὦ
1740 2438 1911 2511 θεοὶ,
1965 2439 2053 2508 τίς
2107 2435 2232 2520 ἆρα
2289 2438 2520 2519 κύπρις
2577 2475 2659 2483 -
2715 2438 2903 2500 τοῦδε
2959 2437 3272 2520 ξυνήψατ’

814 2525 1010 2606 (τοῦδ’
1059 2525 1296 2609 ἀνδρὸς
1350 2526 1542 2609 ἥψατ’
1556 2528 1642 2608 ?),·
1854 2528 1952 2590 11.
2008 2526 2267 2610 πτερόν]
2325 2525 2720 2610 Suspectum.
2795 2526 2961 2599 Fert.
3017 2527 3272 2610 κράτος.

995 2618 1143 2679 858.
1192 2615 1647 2700 συγκραθεῖσα]
1696 2616 1784 2680 of.
1833 2617 2000 2681 Plut.
2034 2616 2191 2680 Mor.
2233 2617 2360 2679 768
2393 2615 2465 2679 B.
2514 2617 2552 2699 ἡ
2603 2617 2853 2698 γενναία
2902 2616 3056 2698 γυνὴ
3104 2616 3275 2698 πρὸς

820 2706 1023 2789 ἄνδρα
1070 2705 1346 2790 νόμιμον
1392 2707 1825 2790 συγκραθεῖσα
1874 2705 1953 2770 δι’
2000 2708 2238 2789 ἔρωτος
2285 2744 2366 2752 —-
2383 2755 2396 2768 .

995 2797 1140 2859 861.
1189 2797 1462 2880 στέργειν
1496 2796 1606 2881 —-]
1637 2796 1726 2860 Of.
1750 2795 1982 2860 Cratin.
2012 2797 2156 2860 172.
2189 2796 2430 2878 ἄνδρας
2459 2795 2705 2878 σοφοὺς
2735 2796 2960 2878 (ἄνδρα
2994 2795 3204 2878 σοφὸν
3216 2797 3271 2877 Ρ)

813 2885 936 2968 χρὴ
983 2884 1056 2949 τὸ
1101 2884 1311 2968 παρὸν
1355 2892 1620 2969 πρᾶγμα
1667 2886 1885 2957 καλῶς
1939 2887 2026 2956 εἷς
2073 2886 2342 2967 δύναμιν
2390 2885 2693 2948 τίθεσθαι.
2873 2885 3110 2949 θέσθαι
3157 2884 3270 2969 ——]

816 2972 904 3036 Of.
952 2974 1109 3038 Plat.
1140 2973 1324 3058 Resp.
1361 2975 1488 3038 604
1522 2973 1586 3037 C.
1634 2975 1854 3059 ὥσπερ
1902 2976 1969 3038 ἐν
2014 2976 2248 3039 πτώσει
2293 2975 2516 3058 κύβων
2561 2973 2726 3056 πρὸς
2769 2973 2844 3037 τὰ
2890 2974 3271 3038 πεπτωκότα

749 3092 757 3099 ·
813 3063 1101 3126 τίθεσθαι
1163 3063 1237 3125 τὰ
1303 3064 1499 3127 αὑτοῦ
1561 3065 1923 3148 πράγματα.
2135 3066 2193 3126 2.
2259 3066 2488 3128 στένειν
2554 3062 2781 3147 τύχην]
2858 3061 2975 3138 Qu,
3040 3065 3273 3127 στένειν

813 3152 1037 3234 μάτην.

996 3242 1146 3324 864,
1194 3244 1251 3304 2.
1298 3241 1468 3326 θείᾳ]
1516 3243 1681 3307 Fort.
1711 3251 1957 3327 μακρᾷ.
2023 3241 2151 3306 Sed
2181 3244 2478 3306 vitiosum
2514 3242 2724 3326 potius
2759 3242 3011 3306 videtur
3039 3242 3270 3324 ἡμέρᾳ,

815 3348 929 3414 pro
988 3350 1114 3412 quo
1171 3331 1346 3395 aliud
1403 3333 1559 3415 quid
1612 3352 1850 3396 nomen
1914 3333 2354 3417 reponendum
2417 3332 2686 3395 videtur.
2766 3329 2934 3406 Quid
2989 3333 3073 3394 sit
3124 3331 3272 3394 θεία

816 3420 1025 3502 ἡμέρα
1080 3440 1214 3484 non
1266 3422 1573 3505 intelligo.
1653 3421 1965 3485 Construe
2014 3423 2160 3504 θείᾳ
2216 3421 2492 3495 ξύνεστιν
2552 3420 2868 3503 ἡμέρᾳ(Ρ).
2957 3418 3122 3484 Cave
3187 3439 3274 3483 ne

817 3514 1149 3574 construas
1195 3511 1264 3573 ἐν
1319 3510 1412 3581 οἷς
1462 3511 1752 3584 ξύνεστιν.
1833 3510 1949 3587 Qu.
1998 3511 2093 3574 ἀεὶ
2136 3512 2360 3593 τέθηλε
2405 3565 2450 3573 -
2477 3551 2525 3572 ψ
2552 3565 2599 3572 .-
2641 3509 3110 3591 τεθραμμένος,
3167 3510 3273 3573 vel

814 3593 1137 3663 πολλαῖσίν
1192 3600 1352 3663 ἐστιν
1398 3601 1663 3683 ἡμέραις
1711 3638 1821 3661 ——.
1960 3601 2081 3664 οὐκ
2128 3602 2251 3663 ἔστι
2308 3606 2508 3682 γῆρας
2547 3597 2654 3682 —]
2710 3598 2798 3663 Cf.
2839 3600 3067 3663 Aesoh.
3101 3597 3272 3681 Sept.

819 3688 964 3751 682.
1013 3690 1135 3752 οὐκ
1182 3690 1306 3752 ἔστι
1354 3695 1554 3772 γῆρας
1597 3690 1785 3753 τοῦδε
1831 3696 1942 3753 τοῦ
1986 3690 2359 3772 μιάσματος.
2405 3690 2632 3772 Agam.
2682 3688 2828 3750 584.

995 3779 1144 3861 870,
1196 3779 1249 3840 1.
1296 3778 1478 3841 πάντ’
1526 3778 1625 3842 ἐπ’
1673 3780 1901 3861 ἔσχατα
1948 3778 2211 3863 χθονὸς]
2257 3776 2403 3862 Leg.
2450 3779 2652 3841 πάντα
2698 3775 2750 3839 τ’
2798 3814 2901 3850 -,
2949 3777 3053 3841 vel
3097 3778 3162 3847 ἔς
3207 3801 3274 3839 τε

813 3867 1087 3950 τᾶσχατα
1151 3868 1409 3950 χθονός.
1497 3867 1586 3931 Of.
1633 3868 1863 3932 Aeseh.
1910 3868 2008 3932 Fr.
2060 3870 2161 3938 74,
2195 3870 2251 3929 2.
2316 3866 2497 3950 ἥλασ’
2568 3865 2679 3929 ἀπ’
2743 3867 3027 3949 ἐσχάτων
3091 3866 3274 3948 γαίας

817 3956 876 4036 (l.
926 3958 1023 4019 ἐπ’
1070 3959 1299 4039 ἔσχατα
1346 3957 1623 4040 χθονός).
1762 3960 1820 4020 2.
1868 3958 2094 4027 νυκτός
2122 3981 2187 4020 τε
2217 3955 2449 4041 πηγὰς]
2491 3955 2581 4019 Of.
2613 3956 2844 4020 Aesoh.
2877 3954 3087 4020 Prom.
3121 3955 3272 4018 810.

814 4045 979 4127 πρὸς
1024 4047 1202 4129 ἡλίου
1249 4083 1336 4092 —-
1381 4053 1627 4129 πηγαῖς.

996 4137 1143 4218 879,
1194 4138 1252 4198 2.
1299 4136 1552 4219 φεύγειν
1596 4136 1847 4220 μηδέν’]
1895 4135 2042 4219 Leg.
2091 4137 2344 4218 φεύγειν
2388 4136 2608 4218 μηδέν.

995 4226 1142 4289 880.
1191 4226 1532 4308 ἐπώνυμος
1576 4224 1824 4309 κακοῖς]
1868 4223 1983 4300 QU.
2018 4263 2101 4272 —
2136 4230 2375 4289 κακῶν.
2455 4222 2543 4287 Of.
2587 4223 2772 4307 Soph.
2804 4222 2903 4286 Fr.
2940 4224 3088 4287 300.
3121 4224 3272 4287 830.

817 4313 963 4398 855,
998 4317 1054 4377 2.
1103 4314 1426 4379 Chaerem.
1474 4317 1532 4379 4.

1002 4405 1148 4486 881,
1203 4407 1257 4468 1.
1297 4405 1405 4468 τὸν
1438 4404 1751 4468 Βοιώτιον
1782 4405 2009 4489 νόμον]
2045 4403 2133 4467 of.
2169 4403 2400 4468 Zenob.
2431 4403 2514 4466 II.
2550 4403 2651 4465 65.
2698 4402 3011 4472 Βοιώτιος
3040 4402 3272 4485 νόμος;

817 4493 917 4556 ἐπὶ
960 4498 1090 4556 τῶν
1134 4493 1244 4563 τὰς
1290 4493 1493 4576 ἀρχὰς
1536 4501 1665 4564 τοῖς
1709 4500 1936 4564 κακοῖς
1966 4494 2397 4577 ἠρεμούντων,
2439 4494 2702 4576 ὕστερον
2735 4492 2804 4556 δὲ
2851 4495 3002 4572 (τοῖς
3045 4499 3278 4564 κακοῖς
