3574 5423
735 374 861 437 108
1837 392 2079 438 ovmms

907 551 1019 616 VI.
1070 552 1171 615 30.
1220 553 1435 617 ‘Ferre
1483 556 1657 635 potes
1706 551 2026 617 dominam
2078 552 2272 616 salvis
2318 556 2410 616 tot
2438 553 2714 616 restibus
2745 551 3043 636 ullainP']
3092 553 3181 617 Of.

729 642 1094 725 Apollodor.
1144 642 1311 724 apud
1358 641 1678 706 Donatum
1728 641 1809 705 ad
1854 642 1989 705 Ter.
2020 642 2288 725 Adelph.
2321 642 2371 705 Ι.
2408 643 2461 704 1.
2500 643 2598 705 18.
2646 639 2704 705 ὦ
2750 643 2915 724 φίλε,
2965 649 3184 725 γαμεῖς

730 731 807 795 σὺ
865 733 1160 814 σχοινίων
1204 732 1678 814 πωλουμένων,·
1734 731 1994 814 Antiph.
2043 729 2155 794 III.
2208 733 2307 793 52.
2366 730 2538 796 Com.
2587 731 2795 814 adesp.
2844 732 2990 796 296.
3037 730 3181 805 εἶτα,

729 822 896 904 φίλε,
923 827 1165 904 γαμεῖς
1211 827 1476 902 γυναῖκα
1524 821 1819 903 σχοινίων
1863 821 2338 903 πωλουμένων,·
2505 873 2509 876 ,

908 908 1016 972 VI.
1067 911 1167 971 92.
1233 909 1647 994 ‘sonantem'J
1716 909 2128 974 ‘sonorum'
2185 908 2537 993 BentleiuS,
2594 909 2733 974 coll.
2793 908 2972 973 Ovid.
3018 911 3181 975 Fast.

726 999 839 1062 IV.
890 999 1034 1062 565.
1091 999 1500 1081 ‘Ioniumque
1547 1019 1746 1082 rapax
1793 998 2199 1081 Icariumque
2245 1000 2400 1082 legit
2444 999 2601 1080 (sub.
2651 997 2884 1078 mare).'
2947 999 3180 1063 Lucan.

730 1087 838 1150 VI.
875 1090 976 1152 27.
1009 1087 1419 1171 ‘Ioniumque
1449 1088 1696 1152 furens’
1730 1093 1844 1152 etc.
1903 1088 2044 1151 Nisi
2076 1087 2688 1171 subintelligendum
2724 1089 2809 1152 sit
2837 1089 3180 1152 fluctum.

910 1177 1019 1239 VI.
1073 1178 1215 1241 139.
1264 1176 1567 1260 Spurium
1616 1177 1804 1242 habet
1847 1178 1910 1240 Τ.
1957 1177 2378 1242 Halbertsma.
2526 1224 2533 1227 -

905 1266 1017 1330 VI.
1068 1267 1213 1330 310.
1262 1266 1717 1378 ‘siphonibus’l
1769 1267 1862 1331 Of.
1910 1266 2102 1330 Arist.
2150 1267 2256 1329 Τ11.
2307 1269 2453 1330 557.
2502 1265 2652 1331 Eur.
2688 1265 2860 1350 Cycl.
2895 1269 3041 1330 439.
3089 1268 3182 1338 ὡς

730 1355 832 1419 διὰ
877 1362 1137 1439 μακροῦ
1185 1380 1253 1437 γε
1297 1355 1407 1419 τὸν
1453 1357 1704 1438 σίφωνα
1724 1359 1805 1437 (ῑ
1819 1356 1871 1437 P)
1917 1355 2026 1419 τὸν
2071 1357 2256 1438 φίλον
2307 1352 2313 1443 Ι
2363 1355 2736 1439 χηρεύομεν.

907 1444 1050 1508 VII.
1103 1446 1202 1509 97.
1251 1445 1622 1528 ιν11111111’“]
1634 1445 1963 1509 somnum'
2010 1445 2072 1508 Τ.
2120 1444 2540 1509 Halbertsma.
2621 1445 2696 1509 V.
2744 1445 2936 1509 schol.

907 1534 989 1598 X.
1047 1537 1099 1596 1.
1147 1536 1212 1597 ‘a
1260 1534 1548 1600 Gadibus
1595 1555 1804 1618 usque
1855 1531 1861 1621 Ι
1914 1534 2259 1614 auroram']
2315 1534 2556 1598 Annon
2612 1574 2695 1581 —
2752 1535 2984 1617 ‘usque
3039 1536 3117 1599 ad
3144 1533 3177 1621 Ἰ

728 1624 1095 1687 auroram’P
1172 1623 1278 1688 Sic
1325 1623 1569 1688 Seneca
1615 1622 1867 1699 Quaest.
1914 1624 2054 1687 Nat.
2098 1623 2146 1687 Ι.
2192 1644 2250 1707 p.
2287 1624 2431 1687 506.
2480 1625 2821 1706 ‘quantum
2869 1625 3040 1688 enim
3087 1631 3185 1689 est

730 1714 901 1796 quod
948 1712 1026 1775 ab
1075 1713 1316 1779 ultimis
1362 1713 1658 1777 litoribus
1702 1714 2054 1797 Hispaniae
2102 1732 2309 1795 usque
2355 1713 2434 1776 ad
2481 1714 2677 1777 Indos
2720 1716 2884 1797 jacet
2897 1714 2928 1776 ’.

904 1819 988 1884 X.
1039 1820 1140 1882 54.
1185 1820 1351 1903 Lege
1397 1818 1593 1905 ‘Ergo
1642 1840 2040 1904 supervacua
2085 1824 2198 1884 aut
2242 1825 2307 1884 et
2352 1822 2486 1899 (aut
2531 1820 2714 1886 ‘haec
2762 1819 2922 1901 aut’)
2968 1821 3183 1904 perni-

727 1910 898 1974 ciosa
943 1914 1251 1993 putentur
1298 1909 1456 1974 -P'

907 2015 989 2078 X.
1039 2017 1185 2079 231.
1244 2016 1483 2100 ‘pullus
1536 2017 1898 2080 hirundinis
1914 2016 1953 2100 ']
2012 2015 2101 2080 of.
2153 2017 2481 2080 Achaeum
2528 2021 2679 2101 trag.
2727 2017 2827 2081 Fr.
2877 2019 2978 2082 47.
3024 2018 3180 2100 χάσ-

726 2130 918 2169 κοντα
967 2106 1134 2189 λιμῷ
1176 2106 1424 2188 μόσχον
1470 2106 1563 2176 ὡς
1607 2105 1947 2188 χελιδόνος.
1993 2105 2181 2169 Hom.
2229 2105 2300 2168 Il.
2355 2107 2409 2188 1,
2444 2108 2588 2171 323.

904 2212 1021 2276 XI.
1074 2214 1216 2276 122.
1267 2213 1454 2276 ‘latos
1500 2213 1629 2276 nisi
1676 2214 1947 2277 sustinet
1993 2213 2177 2278 orbes
2224 2214 2462 2297 grande
2495 2213 2656 2278 ebur
2671 2213 2710 2297 ’]
2759 2212 3062 2295 ‘Libycos
3095 2253 3180 2261 -

727 2299 911 2364 ebur'
969 2303 1204 2385 optime
1260 2303 1520 2385 corrigit
1572 2303 1635 2365 Τ.
1682 2301 2115 2385 Halbertsma,
2173 2303 2311 2367 coll.
2359 2303 2625 2367 Martial.
2672 2303 2753 2366 II.
2802 2304 2905 2367 43.
2958 2305 3013 2366 9.
3061 2303 3182 2366 ‘Tu

699 2387 1001 2473 'Libycos
1047 2392 1227 2455 Indis
1274 2392 1609 2475 suspendis
1656 2391 1957 2456 dentibus
2005 2391 2189 2456 orbes
2204 2392 2236 2455 ’.

904 2479 1055 2545 XII.
1106 2482 1207 2544 38.
1256 2481 1494 2564 ‘ipsum
1511 2480 1548 2565 ’]
1601 2481 1792 2563 ‘ipsa'
1838 2481 1900 2543 T.
1949 2480 2367 2545 Halbertsma.

904 2570 1053 2634 XII.
1104 2572 1204 2634 58.
1253 2569 1557 2634 ‘confisus
1604 2571 1804 2653 lign0‚
1852 2571 2067 2654 digitis
2114 2591 2150 2634 a
2195 2574 2397 2634 morte
2427 2575 2710 2634 remotus
2744 2577 3040 2652 quattuor
3071 2576 3182 2635 aut

727 2662 970 2743 septem
985 2660 1023 2745 ²]
1073 2659 1161 2725 Cf.
1208 2661 1385 2725 Arat.
1432 2660 1665 2724 Phaen.
1718 2660 1863 2724 299.
1914 2660 2123 2743 ὀλίγον
2171 2659 2239 2724 δὲ
2289 2659 2390 2723 διὰ
2439 2660 2628 2735 ξύλον
2660 2660 2817 2725 Ἅϊὸ’
2865 2662 3088 2745 ἐρύκει.

902 2749 1081 2813 XIV.
1134 2751 1234 2813 71.
1301 2751 1628 2834 ‘patriae’J
1689 2750 2031 2834 ‘patribus'
2097 2749 2492 2814 confidenter
2545 2752 2796 2834 reponit
2849 2750 3182 2815 Bentleius

726 2838 806 2902 ad
853 2837 1007 2902 Hor.
1056 2838 1171 2903 Od.
1219 2840 1333 2903 ΠΙ.
1386 2841 1440 2903 6.
1492 2841 1592 2903 20.
1640 2841 2034 2923 repetitionis
2081 2839 2429 2923 ‘patriae'
2478 2840 2774 2904 vitandae
2823 2860 3026 2904 causa.

904 2928 1082 2992 XIV.
1144 2930 1286 2992 123.
1355 2930 1537 2991 ‘mox
1603 2967 1684 2975 -
1752 2929 2036 3012 votum’]
2116 2929 2417 3012 Spurium
2481 2930 2652 2992 huno
2714 2949 2969 2995 versum
3044 2949 3184 2995 esse

726 3019 1087 3101 suspicatur
1129 3018 1194 3081 Τ.
1242 3017 1663 3083 Halbertsma.
3186 3013 3189 3016 ’

903 3124 1084 3187 XIV.
1137 3126 1278 3188 129.
1327 3125 1721 3189 ‘hesternum
1774 3163 1854 3170 —
1902 3123 2236 3208 minutal']
2287 3123 2372 3188 Of.
2422 3126 2612 3190 Arist.
2660 3125 2816 3190 Ran.
2859 3127 3004 3190 987.
3050 3133 3182 3190 ποῦ

725 3212 796 3276 τὸ
843 3214 1163 3297 σκόροδον
1208 3213 1278 3277 τὸ
1323 3215 1640 3297 χθιζινόν;

904 3303 1050 3367 XV.
1099 3305 1201 3366 45.
1250 3302 1620 3389 ‘Egyptus'J
1671 3303 1814 3367 ‘Est
1859 3303 2123 3387 Coptus’
2172 3303 2522 3367 Markland.

1740 3696 2168 3763 OVIDIUS.

737 3883 742 3886 -
900 3840 1065 3905 Fast.
1114 3840 1223 3904 VI.
1277 3844 1421 3906 746.
1470 3840 1849 3905 ‘Coronides
1865 3841 1902 3925 ’]
1950 3841 2344 3906 Mendosum.
2423 3841 2604 3906 Latet
2645 3861 2879 3907 nomen
2925 3840 3181 3906 ‘Coera-

724 3930 937 3995 nides’
985 3930 1432 4015 (Κοιρανίόες),
1480 3932 1517 3995 1.
1553 3950 1602 3993 0.
1650 3931 1980 4013 Polyidus.
2057 3930 2135 3992 V.
2183 3932 2422 4014 Hygin.
2474 3932 2618 3994 251.
2665 3951 2723 4014 p.
2774 3932 2919 3994 305.

901 4038 1011 4100 VI.
1062 4039 1206 4101 751.
1242 4039 1443 4101 ‘Tunc
1476 4058 1623 4102 cum
1655 4042 2054 4101 servantes
2100 4039 2740 4122 anguisssdescendit
2770 4039 2856 4101 ad
2888 4038 3131 4121 herbas,
3168 4035 3175 4125 Ι

726 4127 897 4191 Usus
944 4133 1006 4192 et
1051 4128 1292 4191 auxilio
1342 4132 1435 4191 est
1466 4147 1709 4210 augur
1748 4126 1827 4190 ab
1861 4146 2069 4211 angue
2103 4128 2275 4192 dato'
2324 4129 2582 4212 corrigit
2612 4128 2838 4212 Bergk.
2873 4128 2952 4191 ad
2983 4128 3179 4191 Arist.

722 4216 819 4279 Fr.
867 4215 949 4280 II.
991 4218 1137 4280 246.
1214 4217 1498 4281 Praestat
1532 4215 1796 4280 fortasse
1842 4217 2237 4281 ‘servatas’
2287 4217 2816 4299 (‘observatas'
2864 4221 2976 4281 aut
3024 4217 3181 4282 ‘ob-

723 4307 1153 4459 serrffieagss·
1201 4395 1311 4458 IV.
1364 4395 1507 4458 775.
1557 4394 2005 4479 ‘Phorcydas'J
2052 4395 2198 4478 Leg.
2249 4395 2681 4460 Phorcidas.

902 4484 1009 4549 VI.
1063 4486 1205 4548 760.
1253 4483 1615 4569 ‘moverat'J
1664 4483 1811 4569 Leg.
1859 4484 2190 4549 ‘noverat'.
2270 4486 2360 4550 cf.
2406 4486 2632 4550 Aesch.
2680 4486 2800 4570 Ag.
2852 4485 3039 4549 1022.
