3574 5423
1440 347 1769 393 JUVENALIS
2706 324 2828 388 107

563 511 709 574 244.
757 508 1157 594 ‘deducti’]
1206 508 1526 574 ‘educti’
1574 508 1635 589 (i.
1670 527 1721 572 e.
1770 506 2042 586 educati)
2090 504 2439 568 Markland.

564 600 710 663 287.
758 599 1130 663 ‘domestica
1182 597 1401 681 facta’]
1461 596 1549 661 Of.
1609 598 1802 660 Arist.
1849 594 2006 659 Ran.
2058 596 2202 659 959.
2261 595 2458 658 οἰκεῖα
2514 594 2834 677 πράγματ’

385 691 673 772 εἰσάγων,
723 687 815 759 οἷς
859 688 1169 771 χρώμεθ’,
1218 687 1313 758 οἷς
1358 688 1677 769 ξύνεσμεν.

565 780 710 841 323.
760 777 995 841 ‘Graiis
1045 777 1222 841 dedit
1268 796 1375 841 ore
1421 776 1694 840 rotundo
1724 775 1912 839 Musa
1940 774 2119 856 loqui
2135 773 2172 858 ’]
2208 771 2296 836 Of.
2331 772 2524 837 Arist.
2557 773 2656 836 Fr.
2691 773 2836 836 397.

384 873 641 951 χρῶμαι
689 866 810 949 γὰρ
857 868 1051 930 αὐτοῦ
1097 873 1210 930 τοῦ
1258 865 1566 948 στόματος
1610 872 1704 946 τῷ
1749 865 2133 947 στρογγύλῳ.
2846 858 2849 862 ⁴

564 957 713 1019 361.
760 955 876 1019 ‘Ut
919 957 1169 1040 pictura
1213 956 1423 1039 poesis
1470 956 1617 1037 erit,
1669 972 1862 1036 quae,
1910 955 1964 1017 si
2010 953 2272 1036 propius
2319 958 2472 1033 steS,
2527 955 2589 1015 te
2635 951 2841 1034 capiet

387 1047 612 1130 magiS,
659 1052 721 1110 et
768 1046 1078 1128 quaedam
1125 1046 1178 1109 si
1226 1045 1483 1128 longius
1531 1042 1794 1127 abstes’]
1845 1040 1932 1106 Of.
1981 1041 2131 1105 Eur.
2164 1041 2319 1107 Hec.
2355 1043 2501 1105 807.
2549 1041 2642 1111 ὡς
2689 1064 2839 1124 γρα-

385 1137 544 1218 φεύς
596 1134 648 1198 τ’
706 1135 1087 1205 ἇποσταθεὶς
1138 1130 1144 1221 Ι
1196 1135 1337 1198 ἰδοῦ
1383 1158 1467 1216 με
1512 1132 1946 1216 κάνάθρησον.

564 1226 711 1287 417.
759 1225 1053 1308 ‘occupet
1116 1230 1473 1288 extremum
1538 1221 1781 1287 scabies
1797 1220 1835 1306 ']
1908 1220 1996 1284 Of.
2060 1220 2388 1304 Hermipp.
2448 1220 2561 1301 63,
2613 1221 2668 1282 7.
2733 1219 2842 1282 καὶ

385 1314 559 1398 παρὰ
606 1314 920 1378 Σιτάλκου
967 1313 1205 1396 ψώραν
1252 1311 1824 1395 Λακεδαιμονίοισι.

565 1405 712 1466 428.
779 1401 1122 1467 ‘Clamabit
1190 1404 1384 1480 enim,
1450 1401 1748 1483 Pulchre,
1813 1400 2004 1482 bene,
2073 1399 2333 1483 rectel’]
2401 1398 2490 1464 Of.
2535 1397 2840 1481 Theophr.

389 1492 568 1557 Char.
619 1495 675 1555 2.
723 1492 830 1555 καὶ
877 1492 1388 1574 ἐπισημήνασθαι
1437 1490 1532 1563 δὲ,
1580 1492 1637 1553 εἰ
1676 1491 2006 1563 παύσεται,
2045 1487 2337 1572 Ὀρθῶςῐ

567 1601 713 1663 429.
762 1598 1049 1662 ‘stillabit
1093 1617 1300 1662 rorem
1315 1597 1353 1682 ’]
1403 1595 1489 1660 Cf.
1524 1595 1709 1679 Soph.
1740 1597 1838 1659 Tr.
1873 1596 2019 1658 848.
2066 1594 2105 1678 ἦ
2154 1619 2281 1659 που
2314 1595 2553 1659 ἄόινῶν
2583 1594 2842 1677 χλωρὰν

387 1690 583 1771 τέγγει
658 1689 961 1769 δακρύων
1025 1689 1240 1770 ἄχναν.
1305 1686 1551 1750 Lucret.
1607 1685 1721 1749 III.
1779 1686 1927 1749 470.
1998 1685 2301 1747 ‘lacrimis
2374 1688 2660 1747 rorantes
2735 1703 2844 1746 ora

389 1797 715 1862 genasque
730 1776 761 1838 '.
814 1777 985 1860 Virg.
1036 1776 1107 1839 Gr.
1154 1775 1265 1840 IV.
1314 1777 1461 1839 431.
1510 1775 1744 1839 ‘rorem
1789 1775 1916 1838 late
1963 1775 2260 1857 dispersit
2304 1771 2637 1836 amarum'.

568 1886 716 1947 431.
765 1885 865 1947 ‘ut
911 1885 1023 1965 qui
1069 1883 1370 1947 conducti
1387 1882 1424 1967 ']
1481 1884 1584 1945 ‘ut
1626 1901 1789 1962 quae
1848 1879 2226 1944 conductae'
2285 1878 2643 1962 Markland,
2702 1878 2843 1943 coll.

389 1973 620 2037 Lucilii
665 1975 703 2036 l.
753 1993 847 2056 ap.
893 1973 1057 2037 Non.
1107 1971 1297 2036 Marc.
1352 1993 1410 2036 V.
1458 1971 1878 2036 Praeficae:
1936 1969 2316 2035 ‘mercede
2376 1988 2566 2051 quae
2618 1964 2625 2055 Ι
2677 1988 2845 2032 con-

391 2062 661 2127 ductae
706 2063 902 2126 flent
947 2063 1200 2126 alieno
1246 2063 1325 2124 in
1371 2060 1636 2125 funere
1682 2060 2064 2144 praeficae
2100 2055 2107 2146 Ι
2142 2059 2377 2122 multo
2420 2063 2492 2123 et
2521 2057 2847 2142 capillos

390 2153 760 2217 scindunt
803 2156 874 2215 et
919 2152 1251 2216 clamant
1293 2148 1579 2234 magis'.

568 2261 715 2323 434.
766 2257 851 2322 Cf.
902 2257 1278 2342 Diogenian.
1328 2257 1503 2321 Cent.
1550 2256 1695 2319 VII.
1746 2258 1849 2319 28.
1898 2254 2068 2326 οἶνος
2123 2255 2232 2319 καὶ
2277 2256 2573 2338 ἅλήθεια;
2630 2253 2844 2319 Εὕαν-

392 2350 545 2433 ὂρος
592 2348 995 2432 (Μένανδρος
1039 2346 1233 2411 Dobr.
1291 2346 1365 2411 cf.
1424 2346 1707 2429 Apostol.
1753 2344 1942 2409 XIX.
1991 2347 2093 2409 83.
2154 2349 2216 2408 et
2271 2344 2546 2409 Cramer.
2606 2344 2845 2409 Anecd.

390 2438 499 2501 IV.
551 2439 719 2516 254.)
766 2437 942 2520 παρὰ
987 2443 1115 2507 τοῖς
1159 2435 1442 2519 Πέρσαις
1487 2435 1679 2519 φησὶν
1726 2436 1804 2498 οὗ
1851 2435 2154 2518 βασάνοις
2210 2435 2608 2508 ἐξετάζεσθαι
2663 2436 2847 2516 (tor-

393 2529 641 2610 queri)
689 2527 843 2591 ἀλλὰ
890 2527 1434 2609 μεθυσκομένους.

570 2636 717 2697 440.
767 2633 1081 2698 ‘Frustraz
1131 2633 1341 2698 delere
1380 2631 1646 2717 jubebat
1682 2632 1818 2696 etc.'
1868 2633 1926 2715 (i.
1962 2650 2012 2695 e.
2044 2631 2207 2696 nihil
2238 2632 2480 2715 ageres)
2514 2631 2849 2715 distinguit

394 2723 744 2788 Markland.

571 2832 718 2894 459.
779 2831 1067 2915 ‘longum
1124 2829 1414 2914 clamet’]
1475 2830 1563 2894 Of.
1611 2829 1798 2893 Hom.
1848 2828 1919 2892 11.
1970 2830 2029 2912 3,
2061 2830 2163 2893 81.
2229 2827 2429 2912 αὐτὰρ
2494 2828 2556 2912 ὁ,
2594 2825 2849 2910 μακρὸν

391 2921 652 3073 &weyt-17
663 3012 718 3073 6.
752 3011 910 3074 ‘non
943 3010 1221 3074 missura
1252 3015 1464 3074 cutem
1495 3010 1623 3071 nisi
1654 3008 1844 3091 plena
1874 3008 2121 3071 cruoris
2151 3008 2380 3071 hirudo
2399 3007 2436 3091 ²]
2472 3005 2558 3070 Of.
2590 3006 2847 3071 Theocr.

391 3099 472 3164 II.
524 3102 624 3162 55.
673 3104 742 3163 αἲ
782 3103 852 3163 αἲ
877 3100 1121 3184 ”Ερως,
1169 3099 1415 3183 ἀνιαρὲ,
1472 3100 1529 3161 τί
1567 3122 1690 3181 μευ
1735 3098 1936 3181 μέλαν
1998 3099 2068 3161 ἔκ
2124 3097 2321 3180 χροὸς
2376 3096 2532 3179 αἷμα
2584 3093 2591 3184 Ι
2642 3096 2851 3179 ἐμφὺς

393 3190 486 3260 ὡς
534 3190 808 3272 λιμνᾶτις
853 3191 1024 3253 ἅπαν
1071 3190 1142 3252 ἐκ
1188 3189 1418 3273 βδέλλα
1465 3190 1807 3264 πέπωκας,·

1336 3561 1909 3628 JUVENALIS.

573 3707 619 3769 Ι.
673 3708 816 3771 157.
865 3705 1220 3790 ‘deducis'J
1268 3706 1368 3770 Ita
1411 3706 1626 3790 plures
1673 3707 1895 3789 optimi
1942 3706 2121 3769 codd.
2170 3709 2233 3768 et
2277 3710 2494 3768 tuetur
2538 3704 2613 3767 V.
2655 3703 2731 3767 D.
2780 3707 2850 3768 in

397 3798 591 3862 Class.
639 3796 863 3861 Journ.
912 3796 1021 3860 VI.
1074 3797 1238 3879 125„
1286 3796 1425 3859 coll.
1472 3796 1625 3859 Hor.
1672 3795 1749 3858 A.
1792 3794 1862 3857 P.
1902 3795 2044 3858 129.
2094 3795 2355 3857 ‘rectius
2400 3794 2667 3858 Iliacum
2716 3814 2850 3858 car-

395 3906 545 3951 men
594 3887 856 3952 deducis
901 3888 974 3950 in
1020 3892 1198 3950 actus
1249 3881 1256 3973 Ι
1310 3904 1499 3967 quam
1549 3886 1603 3948 si
1647 3884 1964 3968 proferres
2012 3884 2148 3948 etc.’

572 3993 654 4057 II.
705 3996 806 4057 25.
855 3992 1043 4070 ‘Quis
1091 3994 1342 4058 coelum
1389 3994 1571 4057 terris
1617 4012 1750 4055 non
1798 3993 2061 4055 misceat
2108 3995 2173 4056 et
2217 4009 2394 4053 mare
2441 3989 2714 4074 coelo?']
2764 3989 2850 4052 Cf.

395 4083 505 4147 VI.
557 4085 701 4146 283.
762 4083 936 4167 Virg.
987 4084 1144 4147 Aen.
1192 4082 1264 4144 V.
1317 4084 1460 4146 790.
1514 4083 1742 4145 ‘maria
1800 4083 2012 4145 omnia
2068 4080 2241 4144 coelo
2294 4076 2301 4164 Ι
2351 4080 2650 4142 miscuit’.
2717 4079 2851 4142 Liv.

396 4172 507 4236 IV.
558 4175 613 4235 3.
664 4173 719 4235 6.
772 4171 968 4248 ‘Quid
1015 4172 1269 4236 tandem
1318 4177 1413 4236 est
1458 4192 1574 4236 cur
1619 4172 1868 4235 coelum
1916 4191 1989 4235 ac
2036 4175 2234 4233 terras
2281 4170 2656 4233 misceant'P

572 4262 654 4325 II.
702 4263 804 4324 42.
854 4262 1231 4327 ‘monstrare
1247 4261 1284 4345 ']
1333 4254 1773 4326 ‘monstrasse'
1821 4261 1884 4323 T.
1931 4260 2352 4324 Halbertsma.

575 4351 686 4415 IV.
737 4352 838 4414 81.
887 4350 1119 4433 ‘Crispi
1169 4352 1455 4432 jucunda
1511 4357 1807 4415 senectus
1826 4350 1865 4434 ’]
1926 4349 2013 4413 Of.
2073 4347 2225 4411 Eur.
2273 4346 2463 4435 Hipp.
2517 4348 2660 4414 794.
2706 4346 2854 4431 μὼν

395 4441 696 4513 ΙῚιτθέως
741 4465 793 4504 τι
841 4448 1041 4524 γῆρας
1087 4442 1401 4523 εἴργασται
1446 4441 1623 4517 νεόν,·
